%YAML 1.1
%TAG !u! tag:unity3d.com,2011:
--- !u!1001 &100100000
Prefab:
  m_ObjectHideFlags: 1
  serializedVersion: 2
  m_Modification:
    m_TransformParent: {fileID: 0}
    m_Modifications: []
    m_RemovedComponents: []
  m_ParentPrefab: {fileID: 0}
  m_RootGameObject: {fileID: 1078374272675724}
  m_IsPrefabParent: 1
--- !u!1 &1042546523089016
GameObject:
  m_ObjectHideFlags: 0
  m_PrefabParentObject: {fileID: 0}
  m_PrefabInternal: {fileID: 100100000}
  serializedVersion: 5
  m_Component:
  - component: {fileID: 4840053065206330}
  m_Layer: 0
  m_Name: Waypoint 2
  m_TagString: Untagged
  m_Icon: {fileID: 0}
  m_NavMeshLayer: 0
  m_StaticEditorFlags: 0
  m_IsActive: 1
--- !u!1 &1045901467231608
GameObject:
  m_ObjectHideFlags: 1
  m_PrefabParentObject: {fileID: 0}
  m_PrefabInternal: {fileID: 100100000}
  serializedVersion: 5
  m_Component:
  - component: {fileID: 4874341240764468}
  m_Layer: 0
  m_Name: Right
  m_TagString: Untagged
  m_Icon: {fileID: 0}
  m_NavMeshLayer: 0
  m_StaticEditorFlags: 0
  m_IsActive: 1
--- !u!1 &1078374272675724
GameObject:
  m_ObjectHideFlags: 0
  m_PrefabParentObject: {fileID: 0}
  m_PrefabInternal: {fileID: 100100000}
  serializedVersion: 5
  m_Component:
  - component: {fileID: 4222892878288902}
  - component: {fileID: 114682797764274440}
  m_Layer: 0
  m_Name: Nhang_LRounded_L
  m_TagString: Untagged
  m_Icon: {fileID: 0}
  m_NavMeshLayer: 0
  m_StaticEditorFlags: 0
  m_IsActive: 1
--- !u!1 &1103488482577604
GameObject:
  m_ObjectHideFlags: 0
  m_PrefabParentObject: {fileID: 0}
  m_PrefabInternal: {fileID: 100100000}
  serializedVersion: 5
  m_Component:
  - component: {fileID: 4992379099652892}
  m_Layer: 0
  m_Name: Waypoint 4
  m_TagString: Untagged
  m_Icon: {fileID: 0}
  m_NavMeshLayer: 0
  m_StaticEditorFlags: 0
  m_IsActive: 1
--- !u!1 &1147526122744248
GameObject:
  m_ObjectHideFlags: 1
  m_PrefabParentObject: {fileID: 0}
  m_PrefabInternal: {fileID: 100100000}
  serializedVersion: 5
  m_Component:
  - component: {fileID: 4515999282606276}
  m_Layer: 0
  m_Name: Left
  m_TagString: Untagged
  m_Icon: {fileID: 0}
  m_NavMeshLayer: 0
  m_StaticEditorFlags: 0
  m_IsActive: 1
--- !u!1 &1273307914548106
GameObject:
  m_ObjectHideFlags: 1
  m_PrefabParentObject: {fileID: 0}
  m_PrefabInternal: {fileID: 100100000}
  serializedVersion: 5
  m_Component:
  - component: {fileID: 4424111713809406}
  m_Layer: 0
  m_Name: Left
  m_TagString: Untagged
  m_Icon: {fileID: 0}
  m_NavMeshLayer: 0
  m_StaticEditorFlags: 0
  m_IsActive: 1
--- !u!1 &1366089611291560
GameObject:
  m_ObjectHideFlags: 1
  m_PrefabParentObject: {fileID: 0}
  m_PrefabInternal: {fileID: 100100000}
  serializedVersion: 5
  m_Component:
  - component: {fileID: 4301592011294626}
  m_Layer: 0
  m_Name: Left
  m_TagString: Untagged
  m_Icon: {fileID: 0}
  m_NavMeshLayer: 0
  m_StaticEditorFlags: 0
  m_IsActive: 1
--- !u!1 &1423771084016390
GameObject:
  m_ObjectHideFlags: 0
  m_PrefabParentObject: {fileID: 0}
  m_PrefabInternal: {fileID: 100100000}
  serializedVersion: 5
  m_Component:
  - component: {fileID: 4665730890543030}
  m_Layer: 0
  m_Name: Waypoint 5
  m_TagString: Untagged
  m_Icon: {fileID: 0}
  m_NavMeshLayer: 0
  m_StaticEditorFlags: 0
  m_IsActive: 1
--- !u!1 &1465976935446940
GameObject:
  m_ObjectHideFlags: 1
  m_PrefabParentObject: {fileID: 0}
  m_PrefabInternal: {fileID: 100100000}
  serializedVersion: 5
  m_Component:
  - component: {fileID: 4264370937927382}
  m_Layer: 0
  m_Name: Right
  m_TagString: Untagged
  m_Icon: {fileID: 0}
  m_NavMeshLayer: 0
  m_StaticEditorFlags: 0
  m_IsActive: 1
--- !u!1 &1480579355317154
GameObject:
  m_ObjectHideFlags: 1
  m_PrefabParentObject: {fileID: 0}
  m_PrefabInternal: {fileID: 100100000}
  serializedVersion: 5
  m_Component:
  - component: {fileID: 4521476570535208}
  m_Layer: 0
  m_Name: Left
  m_TagString: Untagged
  m_Icon: {fileID: 0}
  m_NavMeshLayer: 0
  m_StaticEditorFlags: 0
  m_IsActive: 1
--- !u!1 &1543707972771174
GameObject:
  m_ObjectHideFlags: 0
  m_PrefabParentObject: {fileID: 0}
  m_PrefabInternal: {fileID: 100100000}
  serializedVersion: 5
  m_Component:
  - component: {fileID: 4501736908369434}
  m_Layer: 0
  m_Name: Waypoint 6
  m_TagString: Untagged
  m_Icon: {fileID: 0}
  m_NavMeshLayer: 0
  m_StaticEditorFlags: 0
  m_IsActive: 1
--- !u!1 &1544400392270696
GameObject:
  m_ObjectHideFlags: 1
  m_PrefabParentObject: {fileID: 0}
  m_PrefabInternal: {fileID: 100100000}
  serializedVersion: 5
  m_Component:
  - component: {fileID: 4347383854527568}
  m_Layer: 0
  m_Name: Left
  m_TagString: Untagged
  m_Icon: {fileID: 0}
  m_NavMeshLayer: 0
  m_StaticEditorFlags: 0
  m_IsActive: 1
--- !u!1 &1550952399266918
GameObject:
  m_ObjectHideFlags: 0
  m_PrefabParentObject: {fileID: 0}
  m_PrefabInternal: {fileID: 100100000}
  serializedVersion: 5
  m_Component:
  - component: {fileID: 4271330307159040}
  m_Layer: 0
  m_Name: Waypoint 0
  m_TagString: Untagged
  m_Icon: {fileID: 0}
  m_NavMeshLayer: 0
  m_StaticEditorFlags: 0
  m_IsActive: 1
--- !u!1 &1602357269918812
GameObject:
  m_ObjectHideFlags: 1
  m_PrefabParentObject: {fileID: 0}
  m_PrefabInternal: {fileID: 100100000}
  serializedVersion: 5
  m_Component:
  - component: {fileID: 4582502240851852}
  m_Layer: 0
  m_Name: Left
  m_TagString: Untagged
  m_Icon: {fileID: 0}
  m_NavMeshLayer: 0
  m_StaticEditorFlags: 0
  m_IsActive: 1
--- !u!1 &1756139166914770
GameObject:
  m_ObjectHideFlags: 1
  m_PrefabParentObject: {fileID: 0}
  m_PrefabInternal: {fileID: 100100000}
  serializedVersion: 5
  m_Component:
  - component: {fileID: 4045200159315512}
  m_Layer: 0
  m_Name: Left
  m_TagString: Untagged
  m_Icon: {fileID: 0}
  m_NavMeshLayer: 0
  m_StaticEditorFlags: 0
  m_IsActive: 1
--- !u!1 &1832596895945938
GameObject:
  m_ObjectHideFlags: 1
  m_PrefabParentObject: {fileID: 0}
  m_PrefabInternal: {fileID: 100100000}
  serializedVersion: 5
  m_Component:
  - component: {fileID: 4013787855811296}
  m_Layer: 0
  m_Name: Right
  m_TagString: Untagged
  m_Icon: {fileID: 0}
  m_NavMeshLayer: 0
  m_StaticEditorFlags: 0
  m_IsActive: 1
--- !u!1 &1836109154524912
GameObject:
  m_ObjectHideFlags: 1
  m_PrefabParentObject: {fileID: 0}
  m_PrefabInternal: {fileID: 100100000}
  serializedVersion: 5
  m_Component:
  - component: {fileID: 4027429580210544}
  m_Layer: 0
  m_Name: Right
  m_TagString: Untagged
  m_Icon: {fileID: 0}
  m_NavMeshLayer: 0
  m_StaticEditorFlags: 0
  m_IsActive: 1
--- !u!1 &1852172995068536
GameObject:
  m_ObjectHideFlags: 0
  m_PrefabParentObject: {fileID: 0}
  m_PrefabInternal: {fileID: 100100000}
  serializedVersion: 5
  m_Component:
  - component: {fileID: 4475460356206430}
  m_Layer: 0
  m_Name: Waypoint 1
  m_TagString: Untagged
  m_Icon: {fileID: 0}
  m_NavMeshLayer: 0
  m_StaticEditorFlags: 0
  m_IsActive: 1
--- !u!1 &1904479174221614
GameObject:
  m_ObjectHideFlags: 1
  m_PrefabParentObject: {fileID: 0}
  m_PrefabInternal: {fileID: 100100000}
  serializedVersion: 5
  m_Component:
  - component: {fileID: 4082424115093966}
  m_Layer: 0
  m_Name: Right
  m_TagString: Untagged
  m_Icon: {fileID: 0}
  m_NavMeshLayer: 0
  m_StaticEditorFlags: 0
  m_IsActive: 1
--- !u!1 &1921381681973094
GameObject:
  m_ObjectHideFlags: 0
  m_PrefabParentObject: {fileID: 0}
  m_PrefabInternal: {fileID: 100100000}
  serializedVersion: 5
  m_Component:
  - component: {fileID: 4492918974780844}
  m_Layer: 0
  m_Name: Waypoint 3
  m_TagString: Untagged
  m_Icon: {fileID: 0}
  m_NavMeshLayer: 0
  m_StaticEditorFlags: 0
  m_IsActive: 1
--- !u!1 &1936097263358796
GameObject:
  m_ObjectHideFlags: 1
  m_PrefabParentObject: {fileID: 0}
  m_PrefabInternal: {fileID: 100100000}
  serializedVersion: 5
  m_Component:
  - component: {fileID: 4249016374322168}
  m_Layer: 0
  m_Name: Right
  m_TagString: Untagged
  m_Icon: {fileID: 0}
  m_NavMeshLayer: 0
  m_StaticEditorFlags: 0
  m_IsActive: 1
--- !u!1 &1976664947816620
GameObject:
  m_ObjectHideFlags: 1
  m_PrefabParentObject: {fileID: 0}
  m_PrefabInternal: {fileID: 100100000}
  serializedVersion: 5
  m_Component:
  - component: {fileID: 4462950952233334}
  m_Layer: 0
  m_Name: Right
  m_TagString: Untagged
  m_Icon: {fileID: 0}
  m_NavMeshLayer: 0
  m_StaticEditorFlags: 0
  m_IsActive: 1
--- !u!4 &4013787855811296
Transform:
  m_ObjectHideFlags: 1
  m_PrefabParentObject: {fileID: 0}
  m_PrefabInternal: {fileID: 100100000}
  m_GameObject: {fileID: 1832596895945938}
  m_LocalRotation: {x: -0, y: -0, z: -0, w: 1}
  m_LocalPosition: {x: 0, y: 0, z: 0}
  m_LocalScale: {x: 1, y: 1, z: 1}
  m_Children: []
  m_Father: {fileID: 4501736908369434}
  m_RootOrder: 0
  m_LocalEulerAnglesHint: {x: 0, y: 0, z: 0}
--- !u!4 &4027429580210544
Transform:
  m_ObjectHideFlags: 1
  m_PrefabParentObject: {fileID: 0}
  m_PrefabInternal: {fileID: 100100000}
  m_GameObject: {fileID: 1836109154524912}
  m_LocalRotation: {x: 0.7071068, y: -0, z: -0, w: 0.7071068}
  m_LocalPosition: {x: 1.3440139, y: -1.4810808, z: 0}
  m_LocalScale: {x: 1, y: 0.9999998, z: 0.9999998}
  m_Children: []
  m_Father: {fileID: 4840053065206330}
  m_RootOrder: 0
  m_LocalEulerAnglesHint: {x: 0, y: 0, z: 0}
--- !u!4 &4045200159315512
Transform:
  m_ObjectHideFlags: 1
  m_PrefabParentObject: {fileID: 0}
  m_PrefabInternal: {fileID: 100100000}
  m_GameObject: {fileID: 1756139166914770}
  m_LocalRotation: {x: 0.7071068, y: -0, z: -0, w: 0.7071068}
  m_LocalPosition: {x: -0.66074026, y: 0.72812515, z: 0}
  m_LocalScale: {x: 1, y: 0.9999998, z: 0.9999998}
  m_Children: []
  m_Father: {fileID: 4840053065206330}
  m_RootOrder: 1
  m_LocalEulerAnglesHint: {x: 0, y: 0, z: 0}
--- !u!4 &4082424115093966
Transform:
  m_ObjectHideFlags: 1
  m_PrefabParentObject: {fileID: 0}
  m_PrefabInternal: {fileID: 100100000}
  m_GameObject: {fileID: 1904479174221614}
  m_LocalRotation: {x: 0.7071068, y: -0, z: -0, w: 0.7071068}
  m_LocalPosition: {x: 1.8334652, y: 0.07505677, z: 0}
  m_LocalScale: {x: 1, y: 0.9999998, z: 0.9999998}
  m_Children: []
  m_Father: {fileID: 4475460356206430}
  m_RootOrder: 0
  m_LocalEulerAnglesHint: {x: 0, y: 0, z: 0}
--- !u!4 &4222892878288902
Transform:
  m_ObjectHideFlags: 1
  m_PrefabParentObject: {fileID: 0}
  m_PrefabInternal: {fileID: 100100000}
  m_GameObject: {fileID: 1078374272675724}
  m_LocalRotation: {x: -0, y: -0, z: -0, w: 1}
  m_LocalPosition: {x: 0, y: 0, z: 0}
  m_LocalScale: {x: 1, y: 1, z: 1}
  m_Children:
  - {fileID: 4271330307159040}
  - {fileID: 4475460356206430}
  - {fileID: 4840053065206330}
  - {fileID: 4492918974780844}
  - {fileID: 4992379099652892}
  - {fileID: 4665730890543030}
  - {fileID: 4501736908369434}
  m_Father: {fileID: 0}
  m_RootOrder: 0
  m_LocalEulerAnglesHint: {x: 0, y: 0, z: 0}
--- !u!4 &4249016374322168
Transform:
  m_ObjectHideFlags: 1
  m_PrefabParentObject: {fileID: 0}
  m_PrefabInternal: {fileID: 100100000}
  m_GameObject: {fileID: 1936097263358796}
  m_LocalRotation: {x: 0.7071068, y: -0, z: -0, w: 0.7071068}
  m_LocalPosition: {x: 0, y: 0, z: 0}
  m_LocalScale: {x: 1, y: 0.9999998, z: 0.9999998}
  m_Children: []
  m_Father: {fileID: 4992379099652892}
  m_RootOrder: 0
  m_LocalEulerAnglesHint: {x: 0, y: 0, z: 0}
--- !u!4 &4264370937927382
Transform:
  m_ObjectHideFlags: 1
  m_PrefabParentObject: {fileID: 0}
  m_PrefabInternal: {fileID: 100100000}
  m_GameObject: {fileID: 1465976935446940}
  m_LocalRotation: {x: 0.7071068, y: -0, z: -0, w: 0.7071068}
  m_LocalPosition: {x: 1.9940522, y: -0.1541301, z: 0}
  m_LocalScale: {x: 1, y: 0.9999998, z: 0.9999998}
  m_Children: []
  m_Father: {fileID: 4271330307159040}
  m_RootOrder: 0
  m_LocalEulerAnglesHint: {x: 0, y: 0, z: 0}
--- !u!4 &4271330307159040
Transform:
  m_ObjectHideFlags: 1
  m_PrefabParentObject: {fileID: 0}
  m_PrefabInternal: {fileID: 100100000}
  m_GameObject: {fileID: 1550952399266918}
  m_LocalRotation: {x: -0.7071068, y: -0, z: -0, w: 0.7071068}
  m_LocalPosition: {x: 0, y: 0, z: 0}
  m_LocalScale: {x: 1, y: 1.0000005, z: 1.0000005}
  m_Children:
  - {fileID: 4264370937927382}
  - {fileID: 4347383854527568}
  m_Father: {fileID: 4222892878288902}
  m_RootOrder: 0
  m_LocalEulerAnglesHint: {x: 0, y: 0, z: 0}
--- !u!4 &4301592011294626
Transform:
  m_ObjectHideFlags: 1
  m_PrefabParentObject: {fileID: 0}
  m_PrefabInternal: {fileID: 100100000}
  m_GameObject: {fileID: 1366089611291560}
  m_LocalRotation: {x: 0.7071068, y: -0, z: -0, w: 0.7071068}
  m_LocalPosition: {x: -1.3692312, y: -0.056052312, z: 0}
  m_LocalScale: {x: 1, y: 0.9999998, z: 0.9999998}
  m_Children: []
  m_Father: {fileID: 4475460356206430}
  m_RootOrder: 1
  m_LocalEulerAnglesHint: {x: 0, y: 0, z: 0}
--- !u!4 &4347383854527568
Transform:
  m_ObjectHideFlags: 1
  m_PrefabParentObject: {fileID: 0}
  m_PrefabInternal: {fileID: 100100000}
  m_GameObject: {fileID: 1544400392270696}
  m_LocalRotation: {x: 0.7071068, y: -0, z: -0, w: 0.7071068}
  m_LocalPosition: {x: 0, y: 0, z: 0}
  m_LocalScale: {x: 1, y: 0.9999998, z: 0.9999998}
  m_Children: []
  m_Father: {fileID: 4271330307159040}
  m_RootOrder: 1
  m_LocalEulerAnglesHint: {x: 0, y: 0, z: 0}
--- !u!4 &4424111713809406
Transform:
  m_ObjectHideFlags: 1
  m_PrefabParentObject: {fileID: 0}
  m_PrefabInternal: {fileID: 100100000}
  m_GameObject: {fileID: 1273307914548106}
  m_LocalRotation: {x: 0.7071068, y: -0, z: -0, w: 0.7071068}
  m_LocalPosition: {x: -1.4439071, y: -1.075929, z: 0}
  m_LocalScale: {x: 1, y: 0.9999998, z: 0.9999998}
  m_Children: []
  m_Father: {fileID: 4492918974780844}
  m_RootOrder: 1
  m_LocalEulerAnglesHint: {x: 0, y: 0, z: 0}
--- !u!4 &4462950952233334
Transform:
  m_ObjectHideFlags: 1
  m_PrefabParentObject: {fileID: 0}
  m_PrefabInternal: {fileID: 100100000}
  m_GameObject: {fileID: 1976664947816620}
  m_LocalRotation: {x: 0.7071068, y: -0, z: -0, w: 0.7071068}
  m_LocalPosition: {x: 1.6412046, y: 1.2229455, z: 0}
  m_LocalScale: {x: 1, y: 0.9999998, z: 0.9999998}
  m_Children: []
  m_Father: {fileID: 4492918974780844}
  m_RootOrder: 0
  m_LocalEulerAnglesHint: {x: 0, y: 0, z: 0}
--- !u!4 &4475460356206430
Transform:
  m_ObjectHideFlags: 1
  m_PrefabParentObject: {fileID: 0}
  m_PrefabInternal: {fileID: 100100000}
  m_GameObject: {fileID: 1852172995068536}
  m_LocalRotation: {x: -0, y: -0, z: -0.23762515, w: 0.971357}
  m_LocalPosition: {x: 4.589394, y: -0.46971226, z: 0}
  m_LocalScale: {x: 1, y: 1.0000005, z: 1.0000005}
  m_Children:
  - {fileID: 4082424115093966}
  - {fileID: 4301592011294626}
  m_Father: {fileID: 4222892878288902}
  m_RootOrder: 1
  m_LocalEulerAnglesHint: {x: 0, y: 0, z: 0}
--- !u!4 &4492918974780844
Transform:
  m_ObjectHideFlags: 1
  m_PrefabParentObject: {fileID: 0}
  m_PrefabInternal: {fileID: 100100000}
  m_GameObject: {fileID: 1921381681973094}
  m_LocalRotation: {x: -0, y: -0, z: 0.8965075, w: -0.44302857}
  m_LocalPosition: {x: 7.043436, y: -10.820391, z: 0}
  m_LocalScale: {x: 1, y: 1.0000005, z: 1.0000005}
  m_Children:
  - {fileID: 4462950952233334}
  - {fileID: 4424111713809406}
  m_Father: {fileID: 4222892878288902}
  m_RootOrder: 3
  m_LocalEulerAnglesHint: {x: 0, y: 0, z: 0}
--- !u!4 &4501736908369434
Transform:
  m_ObjectHideFlags: 1
  m_PrefabParentObject: {fileID: 0}
  m_PrefabInternal: {fileID: 100100000}
  m_GameObject: {fileID: 1543707972771174}
  m_LocalRotation: {x: -0, y: -0, z: -0, w: 1}
  m_LocalPosition: {x: 7.998167, y: -25.268253, z: 0}
  m_LocalScale: {x: 1, y: 1, z: 1}
  m_Children:
  - {fileID: 4013787855811296}
  - {fileID: 4521476570535208}
  m_Father: {fileID: 4222892878288902}
  m_RootOrder: 6
  m_LocalEulerAnglesHint: {x: 0, y: 0, z: 0}
--- !u!4 &4515999282606276
Transform:
  m_ObjectHideFlags: 1
  m_PrefabParentObject: {fileID: 0}
  m_PrefabInternal: {fileID: 100100000}
  m_GameObject: {fileID: 1147526122744248}
  m_LocalRotation: {x: -0, y: -0, z: -0, w: 1}
  m_LocalPosition: {x: 2, y: 0, z: 0}
  m_LocalScale: {x: 1, y: 1, z: 1}
  m_Children: []
  m_Father: {fileID: 4665730890543030}
  m_RootOrder: 1
  m_LocalEulerAnglesHint: {x: 0, y: 0, z: 0}
--- !u!4 &4521476570535208
Transform:
  m_ObjectHideFlags: 1
  m_PrefabParentObject: {fileID: 0}
  m_PrefabInternal: {fileID: 100100000}
  m_GameObject: {fileID: 1480579355317154}
  m_LocalRotation: {x: -0, y: -0, z: -0, w: 1}
  m_LocalPosition: {x: 2.0000005, y: 0, z: 0}
  m_LocalScale: {x: 1, y: 1, z: 1}
  m_Children: []
  m_Father: {fileID: 4501736908369434}
  m_RootOrder: 1
  m_LocalEulerAnglesHint: {x: 0, y: 0, z: 0}
--- !u!4 &4582502240851852
Transform:
  m_ObjectHideFlags: 1
  m_PrefabParentObject: {fileID: 0}
  m_PrefabInternal: {fileID: 100100000}
  m_GameObject: {fileID: 1602357269918812}
  m_LocalRotation: {x: 0.7071068, y: -0, z: -0, w: 0.7071068}
  m_LocalPosition: {x: 1.874539, y: -0.0066580744, z: 0}
  m_LocalScale: {x: 1, y: 0.9999998, z: 0.9999998}
  m_Children: []
  m_Father: {fileID: 4992379099652892}
  m_RootOrder: 1
  m_LocalEulerAnglesHint: {x: 0, y: 0, z: 0}
--- !u!4 &4665730890543030
Transform:
  m_ObjectHideFlags: 1
  m_PrefabParentObject: {fileID: 0}
  m_PrefabInternal: {fileID: 100100000}
  m_GameObject: {fileID: 1423771084016390}
  m_LocalRotation: {x: -0, y: -0, z: -0, w: 1}
  m_LocalPosition: {x: 6.7431407, y: -25.154156, z: 0}
  m_LocalScale: {x: 1, y: 1, z: 1}
  m_Children:
  - {fileID: 4874341240764468}
  - {fileID: 4515999282606276}
  m_Father: {fileID: 4222892878288902}
  m_RootOrder: 5
  m_LocalEulerAnglesHint: {x: 0, y: 0, z: 0}
--- !u!4 &4840053065206330
Transform:
  m_ObjectHideFlags: 1
  m_PrefabParentObject: {fileID: 0}
  m_PrefabInternal: {fileID: 100100000}
  m_GameObject: {fileID: 1042546523089016}
  m_LocalRotation: {x: -0, y: -0, z: -0.35087568, w: 0.93642205}
  m_LocalPosition: {x: 6.996651, y: -3.6268897, z: 0}
  m_LocalScale: {x: 1, y: 1.0000005, z: 1.0000005}
  m_Children:
  - {fileID: 4027429580210544}
  - {fileID: 4045200159315512}
  m_Father: {fileID: 4222892878288902}
  m_RootOrder: 2
  m_LocalEulerAnglesHint: {x: 0, y: 0, z: 0}
--- !u!4 &4874341240764468
Transform:
  m_ObjectHideFlags: 1
  m_PrefabParentObject: {fileID: 0}
  m_PrefabInternal: {fileID: 100100000}
  m_GameObject: {fileID: 1045901467231608}
  m_LocalRotation: {x: -0, y: -0, z: -0, w: 1}
  m_LocalPosition: {x: 0, y: 0, z: 0}
  m_LocalScale: {x: 1, y: 1, z: 1}
  m_Children: []
  m_Father: {fileID: 4665730890543030}
  m_RootOrder: 0
  m_LocalEulerAnglesHint: {x: 0, y: 0, z: 0}
--- !u!4 &4992379099652892
Transform:
  m_ObjectHideFlags: 1
  m_PrefabParentObject: {fileID: 0}
  m_PrefabInternal: {fileID: 100100000}
  m_GameObject: {fileID: 1103488482577604}
  m_LocalRotation: {x: -0.7029679, y: -0.7112217, z: -0, w: 0}
  m_LocalPosition: {x: 7.038617, y: -19.73603, z: 0}
  m_LocalScale: {x: 1, y: 1.0000005, z: 1.0000005}
  m_Children:
  - {fileID: 4249016374322168}
  - {fileID: 4582502240851852}
  m_Father: {fileID: 4222892878288902}
  m_RootOrder: 4
  m_LocalEulerAnglesHint: {x: 0, y: 0, z: 0}
--- !u!114 &114682797764274440
MonoBehaviour:
  m_ObjectHideFlags: 1
  m_PrefabParentObject: {fileID: 0}
  m_PrefabInternal: {fileID: 100100000}
  m_GameObject: {fileID: 1078374272675724}
  m_Enabled: 1
  m_EditorHideFlags: 0
  m_Script: {fileID: 11500000, guid: 470de352339936e499a733234521ce63, type: 3}
  m_Name: 
  m_EditorClassIdentifier: 
  waypoints: []
  drawCurved: 1
  drawDirection: 0
  color1: {r: 1, g: 0, b: 1, a: 0.5}
  color2: {r: 1, g: 0.92156863, b: 0.015686275, a: 0.5}
  size: {x: 0.7, y: 0.7, z: 0.7}
  radius: 0.4
  skipCustomNames: 1
  replaceObject: {fileID: 0}
  pathPoints:
  - {x: 0, y: 0, z: 0}
  - {x: 0.5795648, y: 0.0025719565, z: 0.037453637}
  - {x: 1.1239272, y: 0.0070571173, z: 0.059185993}
  - {x: 1.6362358, y: 0.008609434, z: 0.067971416}
  - {x: 2.1196396, y: 0.0023828521, z: 0.066584244}
  - {x: 2.5772872, y: -0.016468674, z: 0.05779882}
  - {x: 3.012328, y: -0.052791204, z: 0.04438949}
  - {x: 3.4279099, y: -0.11143074, z: 0.029130608}
  - {x: 3.8271825, y: -0.19723347, z: 0.014796496}
  - {x: 4.213294, y: -0.31504524, z: 0.004161517}
  - {x: 4.589394, y: -0.46971226, z: 0}
  - {x: 5.0599055, y: -0.7210665, z: 0}
  - {x: 5.4757166, y: -1.0031366, z: 0}
  - {x: 5.838189, y: -1.3097676, z: 0}
  - {x: 6.1486897, y: -1.6348048, z: 0}
  - {x: 6.4085803, y: -1.9720933, z: 0}
  - {x: 6.619227, y: -2.3154786, z: 0}
  - {x: 6.781993, y: -2.6588054, z: 0}
  - {x: 6.898243, y: -2.9959197, z: 0}
  - {x: 6.969341, y: -3.3206658, z: 0}
  - {x: 6.996651, y: -3.6268897, z: 0}
  - {x: 7.0082397, y: -4.265595, z: 0}
  - {x: 7.018957, y: -4.9700065, z: 0}
  - {x: 7.0285525, y: -5.722204, z: 0}
  - {x: 7.0367785, y: -6.5042696, z: 0}
  - {x: 7.0433836, y: -7.2982826, z: 0}
  - {x: 7.048123, y: -8.086325, z: 0}
  - {x: 7.050747, y: -8.850475, z: 0}
  - {x: 7.051006, y: -9.572817, z: 0}
  - {x: 7.0486517, y: -10.235428, z: 0}
  - {x: 7.043436, y: -10.820391, z: 0}
  - {x: 7.0363345, y: -11.516741, z: 0}
  - {x: 7.0304046, y: -12.353569, z: 0}
  - {x: 7.0257573, y: -13.294463, z: 0}
  - {x: 7.022507, y: -14.303012, z: 0}
  - {x: 7.0207634, y: -15.342804, z: 0}
  - {x: 7.020642, y: -16.377428, z: 0}
  - {x: 7.022254, y: -17.370476, z: 0}
  - {x: 7.025712, y: -18.285534, z: 0}
  - {x: 7.031129, y: -19.086187, z: 0}
  - {x: 7.038617, y: -19.73603, z: 0}
  - {x: 7.0843434, y: -19.887737, z: 0}
  - {x: 7.1998878, y: -20.299517, z: 0}
  - {x: 7.352794, y: -20.906345, z: 0}
  - {x: 7.51061, y: -21.643211, z: 0}
  - {x: 7.640879, y: -22.445093, z: 0}
  - {x: 7.7111487, y: -23.246975, z: 0}
  - {x: 7.688964, y: -23.98384, z: 0}
  - {x: 7.5418706, y: -24.590672, z: 0}
  - {x: 7.237414, y: -25.002447, z: 0}
  - {x: 6.7431407, y: -25.154156, z: 0}
  - {x: 6.8322806, y: -25.157349, z: 0}
  - {x: 7.0656643, y: -25.166025, z: 0}
  - {x: 7.392226, y: -25.178802, z: 0}
  - {x: 7.7609105, y: -25.194323, z: 0}
  - {x: 8.120654, y: -25.211205, z: 0}
  - {x: 8.420398, y: -25.22809, z: 0}
  - {x: 8.609082, y: -25.24361, z: 0}
  - {x: 8.635645, y: -25.256388, z: 0}
  - {x: 8.449026, y: -25.265059, z: 0}
  - {x: 7.998167, y: -25.268253, z: 0}
  bPoints:
  - wp: {fileID: 4271330307159040}
    cp:
    - {fileID: 4347383854527568}
    - {fileID: 4264370937927382}
  - wp: {fileID: 4475460356206430}
    cp:
    - {fileID: 4301592011294626}
    - {fileID: 4082424115093966}
  - wp: {fileID: 4840053065206330}
    cp:
    - {fileID: 4045200159315512}
    - {fileID: 4027429580210544}
  - wp: {fileID: 4492918974780844}
    cp:
    - {fileID: 4424111713809406}
    - {fileID: 4462950952233334}
  - wp: {fileID: 4992379099652892}
    cp:
    - {fileID: 4582502240851852}
    - {fileID: 4249016374322168}
  - wp: {fileID: 4665730890543030}
    cp:
    - {fileID: 4515999282606276}
    - {fileID: 4874341240764468}
  - wp: {fileID: 4501736908369434}
    cp:
    - {fileID: 4521476570535208}
    - {fileID: 4013787855811296}
  showHandles: 1
  connectHandles: 1
  color3: {r: 0.42352942, g: 0.5921569, b: 1, a: 1}
  pathDetail: 1
  customDetail: 0
  segmentDetail:
  - 1
  - 1
  - 1
  - 1
  - 1
  - 1
  - 1
