%YAML 1.1
%TAG !u! tag:unity3d.com,2011:
--- !u!1001 &100100000
Prefab:
  m_ObjectHideFlags: 1
  serializedVersion: 2
  m_Modification:
    m_TransformParent: {fileID: 0}
    m_Modifications: []
    m_RemovedComponents: []
  m_ParentPrefab: {fileID: 0}
  m_RootGameObject: {fileID: 1654474863990402}
  m_IsPrefabParent: 1
--- !u!1 &1085542655892020
GameObject:
  m_ObjectHideFlags: 1
  m_PrefabParentObject: {fileID: 0}
  m_PrefabInternal: {fileID: 100100000}
  serializedVersion: 5
  m_Component:
  - component: {fileID: 4002299345013810}
  m_Layer: 0
  m_Name: Left
  m_TagString: Untagged
  m_Icon: {fileID: 0}
  m_NavMeshLayer: 0
  m_StaticEditorFlags: 0
  m_IsActive: 1
--- !u!1 &1088292432574080
GameObject:
  m_ObjectHideFlags: 1
  m_PrefabParentObject: {fileID: 0}
  m_PrefabInternal: {fileID: 100100000}
  serializedVersion: 5
  m_Component:
  - component: {fileID: 4817547595802080}
  m_Layer: 0
  m_Name: Left
  m_TagString: Untagged
  m_Icon: {fileID: 0}
  m_NavMeshLayer: 0
  m_StaticEditorFlags: 0
  m_IsActive: 1
--- !u!1 &1112126948913328
GameObject:
  m_ObjectHideFlags: 0
  m_PrefabParentObject: {fileID: 0}
  m_PrefabInternal: {fileID: 100100000}
  serializedVersion: 5
  m_Component:
  - component: {fileID: 4218053727173924}
  m_Layer: 0
  m_Name: Waypoint 5
  m_TagString: Untagged
  m_Icon: {fileID: 0}
  m_NavMeshLayer: 0
  m_StaticEditorFlags: 0
  m_IsActive: 1
--- !u!1 &1134090139307730
GameObject:
  m_ObjectHideFlags: 0
  m_PrefabParentObject: {fileID: 0}
  m_PrefabInternal: {fileID: 100100000}
  serializedVersion: 5
  m_Component:
  - component: {fileID: 4064652993967838}
  m_Layer: 0
  m_Name: Waypoint 4
  m_TagString: Untagged
  m_Icon: {fileID: 0}
  m_NavMeshLayer: 0
  m_StaticEditorFlags: 0
  m_IsActive: 1
--- !u!1 &1140493738905570
GameObject:
  m_ObjectHideFlags: 1
  m_PrefabParentObject: {fileID: 0}
  m_PrefabInternal: {fileID: 100100000}
  serializedVersion: 5
  m_Component:
  - component: {fileID: 4151860328456710}
  m_Layer: 0
  m_Name: Right
  m_TagString: Untagged
  m_Icon: {fileID: 0}
  m_NavMeshLayer: 0
  m_StaticEditorFlags: 0
  m_IsActive: 1
--- !u!1 &1208563185070164
GameObject:
  m_ObjectHideFlags: 1
  m_PrefabParentObject: {fileID: 0}
  m_PrefabInternal: {fileID: 100100000}
  serializedVersion: 5
  m_Component:
  - component: {fileID: 4763511795974294}
  m_Layer: 0
  m_Name: Right
  m_TagString: Untagged
  m_Icon: {fileID: 0}
  m_NavMeshLayer: 0
  m_StaticEditorFlags: 0
  m_IsActive: 1
--- !u!1 &1230141343301174
GameObject:
  m_ObjectHideFlags: 1
  m_PrefabParentObject: {fileID: 0}
  m_PrefabInternal: {fileID: 100100000}
  serializedVersion: 5
  m_Component:
  - component: {fileID: 4720885276058408}
  m_Layer: 0
  m_Name: Right
  m_TagString: Untagged
  m_Icon: {fileID: 0}
  m_NavMeshLayer: 0
  m_StaticEditorFlags: 0
  m_IsActive: 1
--- !u!1 &1248321540581108
GameObject:
  m_ObjectHideFlags: 1
  m_PrefabParentObject: {fileID: 0}
  m_PrefabInternal: {fileID: 100100000}
  serializedVersion: 5
  m_Component:
  - component: {fileID: 4569438738412178}
  m_Layer: 0
  m_Name: Left
  m_TagString: Untagged
  m_Icon: {fileID: 0}
  m_NavMeshLayer: 0
  m_StaticEditorFlags: 0
  m_IsActive: 1
--- !u!1 &1278545969418398
GameObject:
  m_ObjectHideFlags: 1
  m_PrefabParentObject: {fileID: 0}
  m_PrefabInternal: {fileID: 100100000}
  serializedVersion: 5
  m_Component:
  - component: {fileID: 4329579030114700}
  m_Layer: 0
  m_Name: Right
  m_TagString: Untagged
  m_Icon: {fileID: 0}
  m_NavMeshLayer: 0
  m_StaticEditorFlags: 0
  m_IsActive: 1
--- !u!1 &1355062413442482
GameObject:
  m_ObjectHideFlags: 0
  m_PrefabParentObject: {fileID: 0}
  m_PrefabInternal: {fileID: 100100000}
  serializedVersion: 5
  m_Component:
  - component: {fileID: 4703868672289408}
  m_Layer: 0
  m_Name: Waypoint 3
  m_TagString: Untagged
  m_Icon: {fileID: 0}
  m_NavMeshLayer: 0
  m_StaticEditorFlags: 0
  m_IsActive: 1
--- !u!1 &1362839926511102
GameObject:
  m_ObjectHideFlags: 0
  m_PrefabParentObject: {fileID: 0}
  m_PrefabInternal: {fileID: 100100000}
  serializedVersion: 5
  m_Component:
  - component: {fileID: 4069920615973542}
  m_Layer: 0
  m_Name: Waypoint 1
  m_TagString: Untagged
  m_Icon: {fileID: 0}
  m_NavMeshLayer: 0
  m_StaticEditorFlags: 0
  m_IsActive: 1
--- !u!1 &1366429331779948
GameObject:
  m_ObjectHideFlags: 0
  m_PrefabParentObject: {fileID: 0}
  m_PrefabInternal: {fileID: 100100000}
  serializedVersion: 5
  m_Component:
  - component: {fileID: 4385199192718160}
  m_Layer: 0
  m_Name: Waypoint 8
  m_TagString: Untagged
  m_Icon: {fileID: 0}
  m_NavMeshLayer: 0
  m_StaticEditorFlags: 0
  m_IsActive: 1
--- !u!1 &1444220824664658
GameObject:
  m_ObjectHideFlags: 1
  m_PrefabParentObject: {fileID: 0}
  m_PrefabInternal: {fileID: 100100000}
  serializedVersion: 5
  m_Component:
  - component: {fileID: 4305625779709560}
  m_Layer: 0
  m_Name: Right
  m_TagString: Untagged
  m_Icon: {fileID: 0}
  m_NavMeshLayer: 0
  m_StaticEditorFlags: 0
  m_IsActive: 1
--- !u!1 &1505363448607610
GameObject:
  m_ObjectHideFlags: 1
  m_PrefabParentObject: {fileID: 0}
  m_PrefabInternal: {fileID: 100100000}
  serializedVersion: 5
  m_Component:
  - component: {fileID: 4306198679976972}
  m_Layer: 0
  m_Name: Left
  m_TagString: Untagged
  m_Icon: {fileID: 0}
  m_NavMeshLayer: 0
  m_StaticEditorFlags: 0
  m_IsActive: 1
--- !u!1 &1547142826680622
GameObject:
  m_ObjectHideFlags: 1
  m_PrefabParentObject: {fileID: 0}
  m_PrefabInternal: {fileID: 100100000}
  serializedVersion: 5
  m_Component:
  - component: {fileID: 4819912253648716}
  m_Layer: 0
  m_Name: Right
  m_TagString: Untagged
  m_Icon: {fileID: 0}
  m_NavMeshLayer: 0
  m_StaticEditorFlags: 0
  m_IsActive: 1
--- !u!1 &1587089633908250
GameObject:
  m_ObjectHideFlags: 0
  m_PrefabParentObject: {fileID: 0}
  m_PrefabInternal: {fileID: 100100000}
  serializedVersion: 5
  m_Component:
  - component: {fileID: 4825697606318540}
  m_Layer: 0
  m_Name: Waypoint 7
  m_TagString: Untagged
  m_Icon: {fileID: 0}
  m_NavMeshLayer: 0
  m_StaticEditorFlags: 0
  m_IsActive: 1
--- !u!1 &1588780197367590
GameObject:
  m_ObjectHideFlags: 0
  m_PrefabParentObject: {fileID: 0}
  m_PrefabInternal: {fileID: 100100000}
  serializedVersion: 5
  m_Component:
  - component: {fileID: 4247708456834932}
  m_Layer: 0
  m_Name: Waypoint 0
  m_TagString: Untagged
  m_Icon: {fileID: 0}
  m_NavMeshLayer: 0
  m_StaticEditorFlags: 0
  m_IsActive: 1
--- !u!1 &1654474863990402
GameObject:
  m_ObjectHideFlags: 0
  m_PrefabParentObject: {fileID: 0}
  m_PrefabInternal: {fileID: 100100000}
  serializedVersion: 5
  m_Component:
  - component: {fileID: 4414476665809858}
  - component: {fileID: 114390789219211276}
  m_Layer: 0
  m_Name: pathDemo4
  m_TagString: Untagged
  m_Icon: {fileID: 0}
  m_NavMeshLayer: 0
  m_StaticEditorFlags: 0
  m_IsActive: 0
--- !u!1 &1682575101502026
GameObject:
  m_ObjectHideFlags: 1
  m_PrefabParentObject: {fileID: 0}
  m_PrefabInternal: {fileID: 100100000}
  serializedVersion: 5
  m_Component:
  - component: {fileID: 4498086678960384}
  m_Layer: 0
  m_Name: Left
  m_TagString: Untagged
  m_Icon: {fileID: 0}
  m_NavMeshLayer: 0
  m_StaticEditorFlags: 0
  m_IsActive: 1
--- !u!1 &1691109972070216
GameObject:
  m_ObjectHideFlags: 1
  m_PrefabParentObject: {fileID: 0}
  m_PrefabInternal: {fileID: 100100000}
  serializedVersion: 5
  m_Component:
  - component: {fileID: 4625908911557082}
  m_Layer: 0
  m_Name: Left
  m_TagString: Untagged
  m_Icon: {fileID: 0}
  m_NavMeshLayer: 0
  m_StaticEditorFlags: 0
  m_IsActive: 1
--- !u!1 &1739402574492466
GameObject:
  m_ObjectHideFlags: 1
  m_PrefabParentObject: {fileID: 0}
  m_PrefabInternal: {fileID: 100100000}
  serializedVersion: 5
  m_Component:
  - component: {fileID: 4911210606263250}
  m_Layer: 0
  m_Name: Left
  m_TagString: Untagged
  m_Icon: {fileID: 0}
  m_NavMeshLayer: 0
  m_StaticEditorFlags: 0
  m_IsActive: 1
--- !u!1 &1744975334888604
GameObject:
  m_ObjectHideFlags: 1
  m_PrefabParentObject: {fileID: 0}
  m_PrefabInternal: {fileID: 100100000}
  serializedVersion: 5
  m_Component:
  - component: {fileID: 4666067389643418}
  m_Layer: 0
  m_Name: Right
  m_TagString: Untagged
  m_Icon: {fileID: 0}
  m_NavMeshLayer: 0
  m_StaticEditorFlags: 0
  m_IsActive: 1
--- !u!1 &1745275302090734
GameObject:
  m_ObjectHideFlags: 1
  m_PrefabParentObject: {fileID: 0}
  m_PrefabInternal: {fileID: 100100000}
  serializedVersion: 5
  m_Component:
  - component: {fileID: 4256218342498734}
  m_Layer: 0
  m_Name: Left
  m_TagString: Untagged
  m_Icon: {fileID: 0}
  m_NavMeshLayer: 0
  m_StaticEditorFlags: 0
  m_IsActive: 1
--- !u!1 &1826380641655886
GameObject:
  m_ObjectHideFlags: 1
  m_PrefabParentObject: {fileID: 0}
  m_PrefabInternal: {fileID: 100100000}
  serializedVersion: 5
  m_Component:
  - component: {fileID: 4841500784176686}
  m_Layer: 0
  m_Name: Right
  m_TagString: Untagged
  m_Icon: {fileID: 0}
  m_NavMeshLayer: 0
  m_StaticEditorFlags: 0
  m_IsActive: 1
--- !u!1 &1855806905509062
GameObject:
  m_ObjectHideFlags: 1
  m_PrefabParentObject: {fileID: 0}
  m_PrefabInternal: {fileID: 100100000}
  serializedVersion: 5
  m_Component:
  - component: {fileID: 4571968388307850}
  m_Layer: 0
  m_Name: Right
  m_TagString: Untagged
  m_Icon: {fileID: 0}
  m_NavMeshLayer: 0
  m_StaticEditorFlags: 0
  m_IsActive: 1
--- !u!1 &1928476403849746
GameObject:
  m_ObjectHideFlags: 0
  m_PrefabParentObject: {fileID: 0}
  m_PrefabInternal: {fileID: 100100000}
  serializedVersion: 5
  m_Component:
  - component: {fileID: 4816504631216480}
  m_Layer: 0
  m_Name: Waypoint 6
  m_TagString: Untagged
  m_Icon: {fileID: 0}
  m_NavMeshLayer: 0
  m_StaticEditorFlags: 0
  m_IsActive: 1
--- !u!1 &1981113948188204
GameObject:
  m_ObjectHideFlags: 0
  m_PrefabParentObject: {fileID: 0}
  m_PrefabInternal: {fileID: 100100000}
  serializedVersion: 5
  m_Component:
  - component: {fileID: 4756395653057112}
  m_Layer: 0
  m_Name: Waypoint 2
  m_TagString: Untagged
  m_Icon: {fileID: 0}
  m_NavMeshLayer: 0
  m_StaticEditorFlags: 0
  m_IsActive: 1
--- !u!1 &1996169722632614
GameObject:
  m_ObjectHideFlags: 1
  m_PrefabParentObject: {fileID: 0}
  m_PrefabInternal: {fileID: 100100000}
  serializedVersion: 5
  m_Component:
  - component: {fileID: 4946131867888136}
  m_Layer: 0
  m_Name: Left
  m_TagString: Untagged
  m_Icon: {fileID: 0}
  m_NavMeshLayer: 0
  m_StaticEditorFlags: 0
  m_IsActive: 1
--- !u!4 &4002299345013810
Transform:
  m_ObjectHideFlags: 1
  m_PrefabParentObject: {fileID: 0}
  m_PrefabInternal: {fileID: 100100000}
  m_GameObject: {fileID: 1085542655892020}
  m_LocalRotation: {x: 0.7071068, y: -0, z: -0, w: 0.7071068}
  m_LocalPosition: {x: -0.6329395, y: -1.850445, z: 0}
  m_LocalScale: {x: 1, y: 0.9999998, z: 0.9999998}
  m_Children: []
  m_Father: {fileID: 4816504631216480}
  m_RootOrder: 1
  m_LocalEulerAnglesHint: {x: 0, y: 0, z: 0}
--- !u!4 &4064652993967838
Transform:
  m_ObjectHideFlags: 1
  m_PrefabParentObject: {fileID: 0}
  m_PrefabInternal: {fileID: 100100000}
  m_GameObject: {fileID: 1134090139307730}
  m_LocalRotation: {x: -0, y: -0, z: 0.78980947, w: -0.6133523}
  m_LocalPosition: {x: 1.6894879, y: -7.262817, z: 0}
  m_LocalScale: {x: 1, y: 1.0000005, z: 1.0000005}
  m_Children:
  - {fileID: 4666067389643418}
  - {fileID: 4256218342498734}
  m_Father: {fileID: 4414476665809858}
  m_RootOrder: 4
  m_LocalEulerAnglesHint: {x: 0, y: 0, z: 0}
--- !u!4 &4069920615973542
Transform:
  m_ObjectHideFlags: 1
  m_PrefabParentObject: {fileID: 0}
  m_PrefabInternal: {fileID: 100100000}
  m_GameObject: {fileID: 1362839926511102}
  m_LocalRotation: {x: -0, y: -0, z: 0.7910405, w: -0.61176383}
  m_LocalPosition: {x: 1.0688059, y: -2.2271152, z: 0}
  m_LocalScale: {x: 1, y: 1.0000005, z: 1.0000005}
  m_Children:
  - {fileID: 4305625779709560}
  - {fileID: 4946131867888136}
  m_Father: {fileID: 4414476665809858}
  m_RootOrder: 1
  m_LocalEulerAnglesHint: {x: 0, y: 0, z: 0}
--- !u!4 &4151860328456710
Transform:
  m_ObjectHideFlags: 1
  m_PrefabParentObject: {fileID: 0}
  m_PrefabInternal: {fileID: 100100000}
  m_GameObject: {fileID: 1140493738905570}
  m_LocalRotation: {x: 0.7071068, y: -0, z: -0, w: 0.7071068}
  m_LocalPosition: {x: 1.3506334, y: 3.9486778, z: 0}
  m_LocalScale: {x: 1, y: 0.9999998, z: 0.9999998}
  m_Children: []
  m_Father: {fileID: 4816504631216480}
  m_RootOrder: 0
  m_LocalEulerAnglesHint: {x: 0, y: 0, z: 0}
--- !u!4 &4218053727173924
Transform:
  m_ObjectHideFlags: 1
  m_PrefabParentObject: {fileID: 0}
  m_PrefabInternal: {fileID: 100100000}
  m_GameObject: {fileID: 1112126948913328}
  m_LocalRotation: {x: -0, y: -0, z: -0.21969567, w: 0.9755685}
  m_LocalPosition: {x: -2.2019513, y: -7.6424713, z: 0.0000006930195}
  m_LocalScale: {x: 1, y: 1.0000005, z: 1.0000005}
  m_Children:
  - {fileID: 4841500784176686}
  - {fileID: 4817547595802080}
  m_Father: {fileID: 4414476665809858}
  m_RootOrder: 5
  m_LocalEulerAnglesHint: {x: 0, y: 0, z: 0}
--- !u!4 &4247708456834932
Transform:
  m_ObjectHideFlags: 1
  m_PrefabParentObject: {fileID: 0}
  m_PrefabInternal: {fileID: 100100000}
  m_GameObject: {fileID: 1588780197367590}
  m_LocalRotation: {x: -0.7071068, y: -0, z: -0, w: 0.7071068}
  m_LocalPosition: {x: 0, y: 0, z: 0}
  m_LocalScale: {x: 1, y: 1.0000005, z: 1.0000005}
  m_Children:
  - {fileID: 4819912253648716}
  - {fileID: 4569438738412178}
  m_Father: {fileID: 4414476665809858}
  m_RootOrder: 0
  m_LocalEulerAnglesHint: {x: 0, y: 0, z: 0}
--- !u!4 &4256218342498734
Transform:
  m_ObjectHideFlags: 1
  m_PrefabParentObject: {fileID: 0}
  m_PrefabInternal: {fileID: 100100000}
  m_GameObject: {fileID: 1745275302090734}
  m_LocalRotation: {x: 0.7071068, y: -0, z: -0, w: 0.7071068}
  m_LocalPosition: {x: -1.5154004, y: 1.1304139, z: 0}
  m_LocalScale: {x: 1, y: 0.9999998, z: 0.9999998}
  m_Children: []
  m_Father: {fileID: 4064652993967838}
  m_RootOrder: 1
  m_LocalEulerAnglesHint: {x: 0, y: 0, z: 0}
--- !u!4 &4305625779709560
Transform:
  m_ObjectHideFlags: 1
  m_PrefabParentObject: {fileID: 0}
  m_PrefabInternal: {fileID: 100100000}
  m_GameObject: {fileID: 1444220824664658}
  m_LocalRotation: {x: 0.7071068, y: -0, z: -0, w: 0.7071068}
  m_LocalPosition: {x: 1.8631378, y: -0.7271542, z: 0}
  m_LocalScale: {x: 1, y: 0.9999998, z: 0.9999998}
  m_Children: []
  m_Father: {fileID: 4069920615973542}
  m_RootOrder: 0
  m_LocalEulerAnglesHint: {x: 0, y: 0, z: 0}
--- !u!4 &4306198679976972
Transform:
  m_ObjectHideFlags: 1
  m_PrefabParentObject: {fileID: 0}
  m_PrefabInternal: {fileID: 100100000}
  m_GameObject: {fileID: 1505363448607610}
  m_LocalRotation: {x: 0.7071068, y: -0, z: -0, w: 0.7071068}
  m_LocalPosition: {x: 2, y: 0, z: 0}
  m_LocalScale: {x: 1, y: 0.9999998, z: 0.9999998}
  m_Children: []
  m_Father: {fileID: 4385199192718160}
  m_RootOrder: 1
  m_LocalEulerAnglesHint: {x: 0, y: 0, z: 0}
--- !u!4 &4329579030114700
Transform:
  m_ObjectHideFlags: 1
  m_PrefabParentObject: {fileID: 0}
  m_PrefabInternal: {fileID: 100100000}
  m_GameObject: {fileID: 1278545969418398}
  m_LocalRotation: {x: 0.7071068, y: -0, z: -0, w: 0.7071068}
  m_LocalPosition: {x: -1.7239728, y: 0.70417005, z: 0}
  m_LocalScale: {x: 1, y: 0.9999998, z: 0.9999998}
  m_Children: []
  m_Father: {fileID: 4756395653057112}
  m_RootOrder: 0
  m_LocalEulerAnglesHint: {x: 0, y: 0, z: 0}
--- !u!4 &4385199192718160
Transform:
  m_ObjectHideFlags: 1
  m_PrefabParentObject: {fileID: 0}
  m_PrefabInternal: {fileID: 100100000}
  m_GameObject: {fileID: 1366429331779948}
  m_LocalRotation: {x: -0, y: -0, z: 0.4083722, w: 0.9128155}
  m_LocalPosition: {x: -14.249879, y: -6.5131273, z: 0}
  m_LocalScale: {x: 1, y: 1.0000005, z: 1.0000005}
  m_Children:
  - {fileID: 4763511795974294}
  - {fileID: 4306198679976972}
  m_Father: {fileID: 4414476665809858}
  m_RootOrder: 8
  m_LocalEulerAnglesHint: {x: 0, y: 0, z: 0}
--- !u!4 &4414476665809858
Transform:
  m_ObjectHideFlags: 1
  m_PrefabParentObject: {fileID: 0}
  m_PrefabInternal: {fileID: 100100000}
  m_GameObject: {fileID: 1654474863990402}
  m_LocalRotation: {x: -0, y: -0, z: -0, w: 1}
  m_LocalPosition: {x: 0.96, y: 7.41, z: 0}
  m_LocalScale: {x: 1, y: 1, z: 1}
  m_Children:
  - {fileID: 4247708456834932}
  - {fileID: 4069920615973542}
  - {fileID: 4756395653057112}
  - {fileID: 4703868672289408}
  - {fileID: 4064652993967838}
  - {fileID: 4218053727173924}
  - {fileID: 4816504631216480}
  - {fileID: 4825697606318540}
  - {fileID: 4385199192718160}
  m_Father: {fileID: 0}
  m_RootOrder: 0
  m_LocalEulerAnglesHint: {x: 0, y: 0, z: 0}
--- !u!4 &4498086678960384
Transform:
  m_ObjectHideFlags: 1
  m_PrefabParentObject: {fileID: 0}
  m_PrefabInternal: {fileID: 100100000}
  m_GameObject: {fileID: 1682575101502026}
  m_LocalRotation: {x: 0.7071068, y: -0, z: -0, w: 0.7071068}
  m_LocalPosition: {x: 1.7197052, y: -0.7024272, z: 0}
  m_LocalScale: {x: 1, y: 0.9999998, z: 0.9999998}
  m_Children: []
  m_Father: {fileID: 4756395653057112}
  m_RootOrder: 1
  m_LocalEulerAnglesHint: {x: 0, y: 0, z: 0}
--- !u!4 &4569438738412178
Transform:
  m_ObjectHideFlags: 1
  m_PrefabParentObject: {fileID: 0}
  m_PrefabInternal: {fileID: 100100000}
  m_GameObject: {fileID: 1248321540581108}
  m_LocalRotation: {x: 0.7071068, y: -0, z: -0, w: 0.7071068}
  m_LocalPosition: {x: 0, y: 0, z: 0}
  m_LocalScale: {x: 1, y: 0.9999998, z: 0.9999998}
  m_Children: []
  m_Father: {fileID: 4247708456834932}
  m_RootOrder: 1
  m_LocalEulerAnglesHint: {x: 0, y: 0, z: 0}
--- !u!4 &4571968388307850
Transform:
  m_ObjectHideFlags: 1
  m_PrefabParentObject: {fileID: 0}
  m_PrefabInternal: {fileID: 100100000}
  m_GameObject: {fileID: 1855806905509062}
  m_LocalRotation: {x: 0.7071068, y: -0, z: -0, w: 0.7071068}
  m_LocalPosition: {x: 1.9999996, y: -0.0000011920924, z: 0}
  m_LocalScale: {x: 1, y: 0.9999998, z: 0.9999998}
  m_Children: []
  m_Father: {fileID: 4825697606318540}
  m_RootOrder: 0
  m_LocalEulerAnglesHint: {x: 0, y: 0, z: 0}
--- !u!4 &4625908911557082
Transform:
  m_ObjectHideFlags: 1
  m_PrefabParentObject: {fileID: 0}
  m_PrefabInternal: {fileID: 100100000}
  m_GameObject: {fileID: 1691109972070216}
  m_LocalRotation: {x: 0.7071068, y: -0, z: -0, w: 0.7071068}
  m_LocalPosition: {x: 1.2691163, y: -1.3992041, z: 0}
  m_LocalScale: {x: 1, y: 0.9999998, z: 0.9999998}
  m_Children: []
  m_Father: {fileID: 4703868672289408}
  m_RootOrder: 1
  m_LocalEulerAnglesHint: {x: 0, y: 0, z: 0}
--- !u!4 &4666067389643418
Transform:
  m_ObjectHideFlags: 1
  m_PrefabParentObject: {fileID: 0}
  m_PrefabInternal: {fileID: 100100000}
  m_GameObject: {fileID: 1744975334888604}
  m_LocalRotation: {x: 0.7071068, y: -0, z: -0, w: 0.7071068}
  m_LocalPosition: {x: 1.1083229, y: -0.8267542, z: 0}
  m_LocalScale: {x: 1, y: 0.9999998, z: 0.9999998}
  m_Children: []
  m_Father: {fileID: 4064652993967838}
  m_RootOrder: 0
  m_LocalEulerAnglesHint: {x: 0, y: 0, z: 0}
--- !u!4 &4703868672289408
Transform:
  m_ObjectHideFlags: 1
  m_PrefabParentObject: {fileID: 0}
  m_PrefabInternal: {fileID: 100100000}
  m_GameObject: {fileID: 1355062413442482}
  m_LocalRotation: {x: -0, y: -0, z: 0.9066916, w: -0.42179427}
  m_LocalPosition: {x: 0.63324964, y: -5.173709, z: 0}
  m_LocalScale: {x: 1, y: 1.0000005, z: 1.0000005}
  m_Children:
  - {fileID: 4720885276058408}
  - {fileID: 4625908911557082}
  m_Father: {fileID: 4414476665809858}
  m_RootOrder: 3
  m_LocalEulerAnglesHint: {x: 0, y: 0, z: 0}
--- !u!4 &4720885276058408
Transform:
  m_ObjectHideFlags: 1
  m_PrefabParentObject: {fileID: 0}
  m_PrefabInternal: {fileID: 100100000}
  m_GameObject: {fileID: 1230141343301174}
  m_LocalRotation: {x: 0.7071068, y: -0, z: -0, w: 0.7071068}
  m_LocalPosition: {x: -0.6389048, y: 0.7043945, z: 0}
  m_LocalScale: {x: 1, y: 0.9999998, z: 0.9999998}
  m_Children: []
  m_Father: {fileID: 4703868672289408}
  m_RootOrder: 0
  m_LocalEulerAnglesHint: {x: 0, y: 0, z: 0}
--- !u!4 &4756395653057112
Transform:
  m_ObjectHideFlags: 1
  m_PrefabParentObject: {fileID: 0}
  m_PrefabInternal: {fileID: 100100000}
  m_GameObject: {fileID: 1981113948188204}
  m_LocalRotation: {x: -0, y: -0, z: 0.812506, w: 0.5829528}
  m_LocalPosition: {x: -2.5407393, y: -4.0437593, z: 0}
  m_LocalScale: {x: 1, y: 1.0000005, z: 1.0000005}
  m_Children:
  - {fileID: 4329579030114700}
  - {fileID: 4498086678960384}
  m_Father: {fileID: 4414476665809858}
  m_RootOrder: 2
  m_LocalEulerAnglesHint: {x: 0, y: 0, z: 0}
--- !u!4 &4763511795974294
Transform:
  m_ObjectHideFlags: 1
  m_PrefabParentObject: {fileID: 0}
  m_PrefabInternal: {fileID: 100100000}
  m_GameObject: {fileID: 1208563185070164}
  m_LocalRotation: {x: 0.7071068, y: -0, z: -0, w: 0.7071068}
  m_LocalPosition: {x: 0, y: 0, z: 0}
  m_LocalScale: {x: 1, y: 0.9999998, z: 0.9999998}
  m_Children: []
  m_Father: {fileID: 4385199192718160}
  m_RootOrder: 0
  m_LocalEulerAnglesHint: {x: 0, y: 0, z: 0}
--- !u!4 &4816504631216480
Transform:
  m_ObjectHideFlags: 1
  m_PrefabParentObject: {fileID: 0}
  m_PrefabInternal: {fileID: 100100000}
  m_GameObject: {fileID: 1928476403849746}
  m_LocalRotation: {x: -0, y: -0, z: -0.23941204, w: 0.97091806}
  m_LocalPosition: {x: 0.5325374, y: -9.591651, z: 0}
  m_LocalScale: {x: 1, y: 1.0000005, z: 1.0000005}
  m_Children:
  - {fileID: 4151860328456710}
  - {fileID: 4002299345013810}
  m_Father: {fileID: 4414476665809858}
  m_RootOrder: 6
  m_LocalEulerAnglesHint: {x: 0, y: 0, z: 0}
--- !u!4 &4817547595802080
Transform:
  m_ObjectHideFlags: 1
  m_PrefabParentObject: {fileID: 0}
  m_PrefabInternal: {fileID: 100100000}
  m_GameObject: {fileID: 1088292432574080}
  m_LocalRotation: {x: 0.7071068, y: -0, z: -0, w: 0.7071068}
  m_LocalPosition: {x: 0.16887987, y: 2.3548281, z: 0}
  m_LocalScale: {x: 1, y: 0.9999998, z: 0.9999998}
  m_Children: []
  m_Father: {fileID: 4218053727173924}
  m_RootOrder: 1
  m_LocalEulerAnglesHint: {x: 0, y: 0, z: 0}
--- !u!4 &4819912253648716
Transform:
  m_ObjectHideFlags: 1
  m_PrefabParentObject: {fileID: 0}
  m_PrefabInternal: {fileID: 100100000}
  m_GameObject: {fileID: 1547142826680622}
  m_LocalRotation: {x: 0.7071068, y: -0, z: -0, w: 0.7071068}
  m_LocalPosition: {x: 0.58742046, y: -1.9117891, z: 0}
  m_LocalScale: {x: 1, y: 0.9999998, z: 0.9999998}
  m_Children: []
  m_Father: {fileID: 4247708456834932}
  m_RootOrder: 0
  m_LocalEulerAnglesHint: {x: 0, y: 0, z: 0}
--- !u!4 &4825697606318540
Transform:
  m_ObjectHideFlags: 1
  m_PrefabParentObject: {fileID: 0}
  m_PrefabInternal: {fileID: 100100000}
  m_GameObject: {fileID: 1587089633908250}
  m_LocalRotation: {x: -0, y: -0, z: 0.83079946, w: -0.55657184}
  m_LocalPosition: {x: -11.1234045, y: -4.599674, z: 0}
  m_LocalScale: {x: 1, y: 1.0000005, z: 1.0000005}
  m_Children:
  - {fileID: 4571968388307850}
  - {fileID: 4911210606263250}
  m_Father: {fileID: 4414476665809858}
  m_RootOrder: 7
  m_LocalEulerAnglesHint: {x: 0, y: 0, z: 0}
--- !u!4 &4841500784176686
Transform:
  m_ObjectHideFlags: 1
  m_PrefabParentObject: {fileID: 0}
  m_PrefabInternal: {fileID: 100100000}
  m_GameObject: {fileID: 1826380641655886}
  m_LocalRotation: {x: 0.7071068, y: -0, z: -0, w: 0.7071068}
  m_LocalPosition: {x: -0.24361098, y: -3.3968632, z: 0}
  m_LocalScale: {x: 1, y: 0.9999998, z: 0.9999998}
  m_Children: []
  m_Father: {fileID: 4218053727173924}
  m_RootOrder: 0
  m_LocalEulerAnglesHint: {x: 0, y: 0, z: 0}
--- !u!4 &4911210606263250
Transform:
  m_ObjectHideFlags: 1
  m_PrefabParentObject: {fileID: 0}
  m_PrefabInternal: {fileID: 100100000}
  m_GameObject: {fileID: 1739402574492466}
  m_LocalRotation: {x: 0.7071068, y: -0, z: -0, w: 0.7071068}
  m_LocalPosition: {x: -2, y: 0.0000009536739, z: 0}
  m_LocalScale: {x: 1, y: 0.9999998, z: 0.9999998}
  m_Children: []
  m_Father: {fileID: 4825697606318540}
  m_RootOrder: 1
  m_LocalEulerAnglesHint: {x: 0, y: 0, z: 0}
--- !u!4 &4946131867888136
Transform:
  m_ObjectHideFlags: 1
  m_PrefabParentObject: {fileID: 0}
  m_PrefabInternal: {fileID: 100100000}
  m_GameObject: {fileID: 1996169722632614}
  m_LocalRotation: {x: 0.7071068, y: -0, z: -0, w: 0.7071068}
  m_LocalPosition: {x: -1.7078494, y: 0.6665471, z: 0}
  m_LocalScale: {x: 1, y: 0.9999998, z: 0.9999998}
  m_Children: []
  m_Father: {fileID: 4069920615973542}
  m_RootOrder: 1
  m_LocalEulerAnglesHint: {x: 0, y: 0, z: 0}
--- !u!114 &114390789219211276
MonoBehaviour:
  m_ObjectHideFlags: 1
  m_PrefabParentObject: {fileID: 0}
  m_PrefabInternal: {fileID: 100100000}
  m_GameObject: {fileID: 1654474863990402}
  m_Enabled: 1
  m_EditorHideFlags: 0
  m_Script: {fileID: 11500000, guid: 470de352339936e499a733234521ce63, type: 3}
  m_Name: 
  m_EditorClassIdentifier: 
  waypoints: []
  drawCurved: 1
  drawDirection: 0
  color1: {r: 1, g: 0, b: 1, a: 0.5}
  color2: {r: 1, g: 0.92156863, b: 0.015686275, a: 0.5}
  size: {x: 0.7, y: 0.7, z: 0.7}
  radius: 0.4
  skipCustomNames: 1
  replaceObject: {fileID: 0}
  pathPoints:
  - {x: 0.96, y: 7.41, z: 0}
  - {x: 1.1616846, y: 7.387744, z: 0.46456498}
  - {x: 1.39989, y: 7.320972, z: 0.73412746}
  - {x: 1.65302, y: 7.20967, z: 0.84309953}
  - {x: 1.8994795, y: 7.0538306, z: 0.8258934}
  - {x: 2.1176727, y: 6.8534408, z: 0.7169213}
  - {x: 2.2860045, y: 6.608491, z: 0.5505956}
  - {x: 2.3828788, y: 6.318972, z: 0.3613284}
  - {x: 2.386701, y: 5.984871, z: 0.18353184}
  - {x: 2.2758753, y: 5.606179, z: 0.051618364}
  - {x: 2.028806, y: 5.1828847, z: 0}
  - {x: 1.6459513, y: 4.788326, z: 0}
  - {x: 1.2142285, y: 4.54972, z: 0}
  - {x: 0.7537876, y: 4.4263244, z: 0}
  - {x: 0.28477976, y: 4.3774, z: 0}
  - {x: -0.17264464, y: 4.3622046, z: 0}
  - {x: -0.5983349, y: 4.339998, z: 0}
  - {x: -0.97213995, y: 4.2700396, z: 0}
  - {x: -1.2739097, y: 4.1115875, z: 0}
  - {x: -1.4834929, y: 3.8239014, z: 0}
  - {x: -1.5807393, y: 3.3662405, z: 0}
  - {x: -1.5707382, y: 2.8810651, z: 0}
  - {x: -1.4759603, y: 2.528326, z: 0}
  - {x: -1.3025793, y: 2.2893739, z: 0}
  - {x: -1.0567712, y: 2.1455612, z: 0}
  - {x: -0.7447107, y: 2.0782385, z: 0}
  - {x: -0.37257272, y: 2.068758, z: 0}
  - {x: 0.053467065, y: 2.0984716, z: 0}
  - {x: 0.52723426, y: 2.1487303, z: 0}
  - {x: 1.0425533, y: 2.2008862, z: 0}
  - {x: 1.5932496, y: 2.236291, z: 0}
  - {x: 1.8934591, y: 2.218367, z: 0}
  - {x: 2.2091913, y: 2.1465144, z: 0}
  - {x: 2.5184093, y: 2.0250397, z: 0}
  - {x: 2.799077, y: 1.858251, z: 0}
  - {x: 3.0291574, y: 1.6504564, z: 0}
  - {x: 3.1866152, y: 1.4059647, z: 0}
  - {x: 3.2494135, y: 1.1290834, z: 0}
  - {x: 3.195516, y: 0.82412046, z: 0}
  - {x: 3.0028863, y: 0.49538445, z: 0}
  - {x: 2.649488, y: 0.14718294, z: 0}
  - {x: 2.310572, y: -0.019153012, z: 0.000000019404546}
  - {x: 1.9433643, y: -0.028748007, z: 0.00000007207403}
  - {x: 1.5542884, y: 0.070317596, z: 0.00000014969223}
  - {x: 1.1497686, y: 0.22996353, z: 0.00000024394288}
  - {x: 0.7362282, y: 0.40210944, z: 0.00000034650975}
  - {x: 0.32009095, y: 0.53867507, z: 0.00000044907668}
  - {x: -0.092219114, y: 0.5915801, z: 0.00000054332725}
  - {x: -0.49427873, y: 0.51274425, z: 0.0000006209455}
  - {x: -0.87966394, y: 0.2540872, z: 0.0000006736149}
  - {x: -1.2419512, y: -0.23247147, z: 0.0000006930195}
  - {x: -1.6110555, y: -1.0437194, z: 0.0000006736149}
  - {x: -1.7376012, y: -1.7025965, z: 0.0000006209455}
  - {x: -1.6590016, y: -2.2148812, z: 0.00000054332725}
  - {x: -1.41267, y: -2.5863514, z: 0.00000044907668}
  - {x: -1.0360198, y: -2.822785, z: 0.00000034650975}
  - {x: -0.5664648, y: -2.929961, z: 0.00000024394285}
  - {x: -0.041418254, y: -2.9136574, z: 0.00000014969223}
  - {x: 0.5017067, y: -2.7796526, z: 0.00000007207402}
  - {x: 1.0254964, y: -2.533724, z: 0.000000019404556}
  - {x: 1.4925374, y: -2.181651, z: 0}
  - {x: 1.9233797, y: -1.2949858, z: 0}
  - {x: 1.5174781, y: -0.38357005, z: 0}
  - {x: 0.45557484, y: 0.5110264, z: 0}
  - {x: -1.0815864, y: 1.3472325, z: 0}
  - {x: -2.9132643, y: 2.0834775, z: 0}
  - {x: -4.858716, y: 2.678192, z: 0}
  - {x: -6.737198, y: 3.0898042, z: 0}
  - {x: -8.367969, y: 3.2767444, z: 0}
  - {x: -9.570286, y: 3.1974416, z: 0}
  - {x: -10.163404, y: 2.8103256, z: 0}
  - {x: -10.3998575, y: 2.3475556, z: 0}
  - {x: -10.652788, y: 2.0442243, z: 0}
  - {x: -10.922361, y: 1.8631603, z: 0}
  - {x: -11.2087555, y: 1.7671934, z: 0}
  - {x: -11.5121355, y: 1.7191526, z: 0}
  - {x: -11.832677, y: 1.6818677, z: 0}
  - {x: -12.17055, y: 1.618168, z: 0}
  - {x: -12.5259285, y: 1.4908825, z: 0}
  - {x: -12.898981, y: 1.262841, z: 0}
  - {x: -13.289879, y: 0.8968725, z: 0}
  bPoints:
  - wp: {fileID: 4247708456834932}
    cp:
    - {fileID: 4569438738412178}
    - {fileID: 4819912253648716}
  - wp: {fileID: 4069920615973542}
    cp:
    - {fileID: 4946131867888136}
    - {fileID: 4305625779709560}
  - wp: {fileID: 4756395653057112}
    cp:
    - {fileID: 4498086678960384}
    - {fileID: 4329579030114700}
  - wp: {fileID: 4703868672289408}
    cp:
    - {fileID: 4625908911557082}
    - {fileID: 4720885276058408}
  - wp: {fileID: 4064652993967838}
    cp:
    - {fileID: 4256218342498734}
    - {fileID: 4666067389643418}
  - wp: {fileID: 4218053727173924}
    cp:
    - {fileID: 4817547595802080}
    - {fileID: 4841500784176686}
  - wp: {fileID: 4816504631216480}
    cp:
    - {fileID: 4002299345013810}
    - {fileID: 4151860328456710}
  - wp: {fileID: 4825697606318540}
    cp:
    - {fileID: 4911210606263250}
    - {fileID: 4571968388307850}
  - wp: {fileID: 4385199192718160}
    cp:
    - {fileID: 4306198679976972}
    - {fileID: 4763511795974294}
  showHandles: 1
  connectHandles: 1
  color3: {r: 0.42352942, g: 0.5921569, b: 1, a: 1}
  pathDetail: 1
  customDetail: 1
  segmentDetail:
  - 1
  - 1
  - 1
  - 1
  - 1
  - 1
  - 1
  - 1
  - 1
