%YAML 1.1
%TAG !u! tag:unity3d.com,2011:
--- !u!1001 &100100000
Prefab:
  m_ObjectHideFlags: 1
  serializedVersion: 2
  m_Modification:
    m_TransformParent: {fileID: 0}
    m_Modifications: []
    m_RemovedComponents: []
  m_ParentPrefab: {fileID: 0}
  m_RootGameObject: {fileID: 1561138167445184}
  m_IsPrefabParent: 1
--- !u!1 &1174850255591308
GameObject:
  m_ObjectHideFlags: 0
  m_PrefabParentObject: {fileID: 0}
  m_PrefabInternal: {fileID: 100100000}
  serializedVersion: 5
  m_Component:
  - component: {fileID: 4317733061426050}
  - component: {fileID: 114325356501820852}
  m_Layer: 0
  m_Name: Boss
  m_TagString: Untagged
  m_Icon: {fileID: 0}
  m_NavMeshLayer: 0
  m_StaticEditorFlags: 0
  m_IsActive: 1
--- !u!1 &1561138167445184
GameObject:
  m_ObjectHideFlags: 0
  m_PrefabParentObject: {fileID: 0}
  m_PrefabInternal: {fileID: 100100000}
  serializedVersion: 5
  m_Component:
  - component: {fileID: 4181763239690578}
  - component: {fileID: 114192163446746444}
  m_Layer: 0
  m_Name: Endless01_31_BOSS
  m_TagString: Untagged
  m_Icon: {fileID: 0}
  m_NavMeshLayer: 0
  m_StaticEditorFlags: 0
  m_IsActive: 1
--- !u!4 &4181763239690578
Transform:
  m_ObjectHideFlags: 1
  m_PrefabParentObject: {fileID: 0}
  m_PrefabInternal: {fileID: 100100000}
  m_GameObject: {fileID: 1561138167445184}
  m_LocalRotation: {x: -0, y: -0, z: -0, w: 1}
  m_LocalPosition: {x: 0, y: 0, z: 0}
  m_LocalScale: {x: 1, y: 1, z: 1}
  m_Children:
  - {fileID: 4317733061426050}
  m_Father: {fileID: 0}
  m_RootOrder: 0
  m_LocalEulerAnglesHint: {x: 0, y: 0, z: 0}
--- !u!4 &4317733061426050
Transform:
  m_ObjectHideFlags: 1
  m_PrefabParentObject: {fileID: 0}
  m_PrefabInternal: {fileID: 100100000}
  m_GameObject: {fileID: 1174850255591308}
  m_LocalRotation: {x: -0, y: -0, z: -0, w: 1}
  m_LocalPosition: {x: -0.12, y: 9.97, z: 0}
  m_LocalScale: {x: 1, y: 1, z: 1}
  m_Children: []
  m_Father: {fileID: 4181763239690578}
  m_RootOrder: 0
  m_LocalEulerAnglesHint: {x: 0, y: 0, z: 0}
--- !u!114 &114192163446746444
MonoBehaviour:
  m_ObjectHideFlags: 1
  m_PrefabParentObject: {fileID: 0}
  m_PrefabInternal: {fileID: 100100000}
  m_GameObject: {fileID: 1561138167445184}
  m_Enabled: 1
  m_EditorHideFlags: 0
  m_Script: {fileID: 11500000, guid: fc7a5de42f2567642b9024df07f4b5dd, type: 3}
  m_Name: 
  m_EditorClassIdentifier: 
  StartTurnAsync: 0
  mTM: []
--- !u!114 &114325356501820852
MonoBehaviour:
  m_ObjectHideFlags: 1
  m_PrefabParentObject: {fileID: 0}
  m_PrefabInternal: {fileID: 100100000}
  m_GameObject: {fileID: 1174850255591308}
  m_Enabled: 1
  m_EditorHideFlags: 0
  m_Script: {fileID: 11500000, guid: 759cc6e4e9140f445b13d21f97c413f4, type: 3}
  m_Name: 
  m_EditorClassIdentifier: 
  path: {fileID: 114948960026000054, guid: 4459935c9ed865b499179d764eb69010, type: 2}
  timeToBegin: 0
  timeToEnd: -1
  timeToNextEnemy: 1
  totalEnemy: 0
  listMiniTurn:
  - enemyPrefab: {fileID: 1645936368183648, guid: 17f9f83a1ff6ad74ba5dda62e5b37de4,
      type: 2}
    properties: []
    pointAndAction:
    - listAcitonName:
      - SetNextPath
      - ShootLaserForm1
      - ShootLaserForm2
      - ShootMainWeaponForm1
      - ShootMainWeaponForm2
      - BossTransform
      - WarningBoss
      - DropItem
      type: Started
      x: 0
      actionName: WarningBoss
    - listAcitonName:
      - SetNextPath
      - ShootLaserForm1
      - ShootLaserForm2
      - ShootMainWeaponForm1
      - ShootMainWeaponForm2
      - BossTransform
      - WarningBoss
      - DropItem
      type: Point = X
      x: 0
      actionName: BossTransform
    - listAcitonName:
      - SetNextPath
      - ShootLaserForm1
      - ShootLaserForm2
      - ShootMainWeaponForm1
      - ShootMainWeaponForm2
      - BossTransform
      - WarningBoss
      - DropItem
      type: Point = X
      x: 6
      actionName: SetNextPath
    - listAcitonName:
      - SetNextPath
      - ShootLaserForm1
      - ShootLaserForm2
      - ShootMainWeaponForm1
      - ShootMainWeaponForm2
      - BossTransform
      - WarningBoss
      - DropItem
      type: Point = X
      x: 0
      actionName: ShootLaserForm1
    - listAcitonName:
      - SetNextPath
      - ShootLaserForm1
      - ShootLaserForm2
      - ShootMainWeaponForm1
      - ShootMainWeaponForm2
      - BossTransform
      - WarningBoss
      - DropItem
      type: Point = X
      x: 2
      actionName: ShootMainWeaponForm1
    - listAcitonName:
      - SetNextPath
      - ShootLaserForm1
      - ShootLaserForm2
      - ShootMainWeaponForm1
      - ShootMainWeaponForm2
      - BossTransform
      - WarningBoss
      - DropItem
      type: Point = X
      x: 5
      actionName: ShootMainWeaponForm1
    - listAcitonName:
      - SetNextPath
      - ShootLaserForm1
      - ShootLaserForm2
      - ShootMainWeaponForm1
      - ShootMainWeaponForm2
      - BossTransform
      - WarningBoss
      - DropItem
      type: Point = X
      x: 0
      actionName: ShootLaserForm2
    - listAcitonName:
      - SetNextPath
      - ShootLaserForm1
      - ShootLaserForm2
      - ShootMainWeaponForm1
      - ShootMainWeaponForm2
      - BossTransform
      - WarningBoss
      - DropItem
      type: Point = X
      x: 4
      actionName: ShootLaserForm2
    - listAcitonName:
      - SetNextPath
      - ShootLaserForm1
      - ShootLaserForm2
      - ShootMainWeaponForm1
      - ShootMainWeaponForm2
      - BossTransform
      - WarningBoss
      - DropItem
      type: Point = X
      x: 2
      actionName: ShootMainWeaponForm2
    - listAcitonName:
      - SetNextPath
      - ShootLaserForm1
      - ShootLaserForm2
      - ShootMainWeaponForm1
      - ShootMainWeaponForm2
      - BossTransform
      - WarningBoss
      - DropItem
      type: Point = X
      x: 6
      actionName: ShootMainWeaponForm2
    - listAcitonName:
      - SetNextPath
      - ShootLaserForm1
      - ShootLaserForm2
      - ShootMainWeaponForm1
      - ShootMainWeaponForm2
      - BossTransform
      - WarningBoss
      - DropItem
      type: Dead by player
      x: 0
      actionName: DropItem
    newSpeed: 2
    timePauseAction: 3
    newPath: {fileID: 0}
    posStartPathNew: {x: 0, y: 0, z: 0}
    syncAnimation: 0
    enemyStartByNumber: 1
    number: 1
    enemyStartByPosition: 0
    startPosition: []
  changeDurationCamera:
    changeSpeedCamera: 0
    speedBG: 2
    speedDecor: 2.6
    timeChange: 3
