%YAML 1.1
%TAG !u! tag:unity3d.com,2011:
--- !u!1001 &100100000
Prefab:
  m_ObjectHideFlags: 1
  serializedVersion: 2
  m_Modification:
    m_TransformParent: {fileID: 0}
    m_Modifications: []
    m_RemovedComponents: []
  m_ParentPrefab: {fileID: 0}
  m_RootGameObject: {fileID: 1226356296240250}
  m_IsPrefabParent: 1
--- !u!1 &1226356296240250
GameObject:
  m_ObjectHideFlags: 0
  m_PrefabParentObject: {fileID: 0}
  m_PrefabInternal: {fileID: 100100000}
  serializedVersion: 5
  m_Component:
  - component: {fileID: 4743058440218214}
  - component: {fileID: 114171366140282762}
  m_Layer: 0
  m_Name: Lv12_1
  m_TagString: Untagged
  m_Icon: {fileID: 0}
  m_NavMeshLayer: 0
  m_StaticEditorFlags: 0
  m_IsActive: 1
--- !u!1 &1447808556982640
GameObject:
  m_ObjectHideFlags: 0
  m_PrefabParentObject: {fileID: 0}
  m_PrefabInternal: {fileID: 100100000}
  serializedVersion: 5
  m_Component:
  - component: {fileID: 4499646781253222}
  - component: {fileID: 114440937545351638}
  m_Layer: 0
  m_Name: Hazzard 2
  m_TagString: Untagged
  m_Icon: {fileID: 0}
  m_NavMeshLayer: 0
  m_StaticEditorFlags: 0
  m_IsActive: 1
--- !u!1 &1603749923907796
GameObject:
  m_ObjectHideFlags: 0
  m_PrefabParentObject: {fileID: 0}
  m_PrefabInternal: {fileID: 100100000}
  serializedVersion: 5
  m_Component:
  - component: {fileID: 4814630842481156}
  - component: {fileID: 114087204996341616}
  m_Layer: 0
  m_Name: Hazzard 2
  m_TagString: Untagged
  m_Icon: {fileID: 0}
  m_NavMeshLayer: 0
  m_StaticEditorFlags: 0
  m_IsActive: 1
--- !u!1 &1605824711195712
GameObject:
  m_ObjectHideFlags: 0
  m_PrefabParentObject: {fileID: 0}
  m_PrefabInternal: {fileID: 100100000}
  serializedVersion: 5
  m_Component:
  - component: {fileID: 4861294756255364}
  - component: {fileID: 114801540851012774}
  m_Layer: 0
  m_Name: Hazzard 3
  m_TagString: Untagged
  m_Icon: {fileID: 0}
  m_NavMeshLayer: 0
  m_StaticEditorFlags: 0
  m_IsActive: 1
--- !u!1 &1696687974129424
GameObject:
  m_ObjectHideFlags: 0
  m_PrefabParentObject: {fileID: 0}
  m_PrefabInternal: {fileID: 100100000}
  serializedVersion: 5
  m_Component:
  - component: {fileID: 4923989486876190}
  - component: {fileID: 114370072828745258}
  m_Layer: 0
  m_Name: Hazzard 2
  m_TagString: Untagged
  m_Icon: {fileID: 0}
  m_NavMeshLayer: 0
  m_StaticEditorFlags: 0
  m_IsActive: 1
--- !u!1 &1716828516706230
GameObject:
  m_ObjectHideFlags: 0
  m_PrefabParentObject: {fileID: 0}
  m_PrefabInternal: {fileID: 100100000}
  serializedVersion: 5
  m_Component:
  - component: {fileID: 4512220044116350}
  - component: {fileID: 114544707907426380}
  m_Layer: 0
  m_Name: Hazzard 3
  m_TagString: Untagged
  m_Icon: {fileID: 0}
  m_NavMeshLayer: 0
  m_StaticEditorFlags: 0
  m_IsActive: 1
--- !u!1 &1737277741386232
GameObject:
  m_ObjectHideFlags: 0
  m_PrefabParentObject: {fileID: 0}
  m_PrefabInternal: {fileID: 100100000}
  serializedVersion: 5
  m_Component:
  - component: {fileID: 4355795179677828}
  - component: {fileID: 114628675999895804}
  m_Layer: 0
  m_Name: Hazzard 2
  m_TagString: Untagged
  m_Icon: {fileID: 0}
  m_NavMeshLayer: 0
  m_StaticEditorFlags: 0
  m_IsActive: 1
--- !u!1 &1742725826843350
GameObject:
  m_ObjectHideFlags: 0
  m_PrefabParentObject: {fileID: 0}
  m_PrefabInternal: {fileID: 100100000}
  serializedVersion: 5
  m_Component:
  - component: {fileID: 4122322728620578}
  - component: {fileID: 114843252970089356}
  m_Layer: 0
  m_Name: Hazzard 2
  m_TagString: Untagged
  m_Icon: {fileID: 0}
  m_NavMeshLayer: 0
  m_StaticEditorFlags: 0
  m_IsActive: 1
--- !u!1 &1892211693489460
GameObject:
  m_ObjectHideFlags: 0
  m_PrefabParentObject: {fileID: 0}
  m_PrefabInternal: {fileID: 100100000}
  serializedVersion: 5
  m_Component:
  - component: {fileID: 4732810749913112}
  - component: {fileID: 114532760936651434}
  m_Layer: 0
  m_Name: Hazzard 2
  m_TagString: Untagged
  m_Icon: {fileID: 0}
  m_NavMeshLayer: 0
  m_StaticEditorFlags: 0
  m_IsActive: 1
--- !u!1 &1948965220744202
GameObject:
  m_ObjectHideFlags: 0
  m_PrefabParentObject: {fileID: 0}
  m_PrefabInternal: {fileID: 100100000}
  serializedVersion: 5
  m_Component:
  - component: {fileID: 4751176213360640}
  - component: {fileID: 114594578725060510}
  m_Layer: 0
  m_Name: Hazzard
  m_TagString: Untagged
  m_Icon: {fileID: 0}
  m_NavMeshLayer: 0
  m_StaticEditorFlags: 0
  m_IsActive: 1
--- !u!1 &1959255810726878
GameObject:
  m_ObjectHideFlags: 0
  m_PrefabParentObject: {fileID: 0}
  m_PrefabInternal: {fileID: 100100000}
  serializedVersion: 5
  m_Component:
  - component: {fileID: 4616905080530874}
  - component: {fileID: 114172013095364260}
  m_Layer: 0
  m_Name: Hazzard 2
  m_TagString: Untagged
  m_Icon: {fileID: 0}
  m_NavMeshLayer: 0
  m_StaticEditorFlags: 0
  m_IsActive: 1
--- !u!1 &1974011535923500
GameObject:
  m_ObjectHideFlags: 0
  m_PrefabParentObject: {fileID: 0}
  m_PrefabInternal: {fileID: 100100000}
  serializedVersion: 5
  m_Component:
  - component: {fileID: 4830856255809002}
  - component: {fileID: 114422871505150958}
  m_Layer: 0
  m_Name: Hazzard 2
  m_TagString: Untagged
  m_Icon: {fileID: 0}
  m_NavMeshLayer: 0
  m_StaticEditorFlags: 0
  m_IsActive: 1
--- !u!4 &4122322728620578
Transform:
  m_ObjectHideFlags: 1
  m_PrefabParentObject: {fileID: 0}
  m_PrefabInternal: {fileID: 100100000}
  m_GameObject: {fileID: 1742725826843350}
  m_LocalRotation: {x: -0, y: -0, z: -0, w: 1}
  m_LocalPosition: {x: -3.12, y: 7.42, z: 0}
  m_LocalScale: {x: 1, y: 1, z: 1}
  m_Children: []
  m_Father: {fileID: 4743058440218214}
  m_RootOrder: 10
  m_LocalEulerAnglesHint: {x: 0, y: 0, z: 0}
--- !u!4 &4355795179677828
Transform:
  m_ObjectHideFlags: 1
  m_PrefabParentObject: {fileID: 0}
  m_PrefabInternal: {fileID: 100100000}
  m_GameObject: {fileID: 1737277741386232}
  m_LocalRotation: {x: -0, y: -0, z: -0, w: 1}
  m_LocalPosition: {x: -3.12, y: 7.42, z: 0}
  m_LocalScale: {x: 1, y: 1, z: 1}
  m_Children: []
  m_Father: {fileID: 4743058440218214}
  m_RootOrder: 6
  m_LocalEulerAnglesHint: {x: 0, y: 0, z: 0}
--- !u!4 &4499646781253222
Transform:
  m_ObjectHideFlags: 1
  m_PrefabParentObject: {fileID: 0}
  m_PrefabInternal: {fileID: 100100000}
  m_GameObject: {fileID: 1447808556982640}
  m_LocalRotation: {x: -0, y: -0, z: -0, w: 1}
  m_LocalPosition: {x: -3.12, y: 7.42, z: 0}
  m_LocalScale: {x: 1, y: 1, z: 1}
  m_Children: []
  m_Father: {fileID: 4743058440218214}
  m_RootOrder: 5
  m_LocalEulerAnglesHint: {x: 0, y: 0, z: 0}
--- !u!4 &4512220044116350
Transform:
  m_ObjectHideFlags: 1
  m_PrefabParentObject: {fileID: 0}
  m_PrefabInternal: {fileID: 100100000}
  m_GameObject: {fileID: 1716828516706230}
  m_LocalRotation: {x: -0, y: -0, z: -0, w: 1}
  m_LocalPosition: {x: -3.12, y: 7.42, z: 0}
  m_LocalScale: {x: 1, y: 1, z: 1}
  m_Children: []
  m_Father: {fileID: 4743058440218214}
  m_RootOrder: 8
  m_LocalEulerAnglesHint: {x: 0, y: 0, z: 0}
--- !u!4 &4616905080530874
Transform:
  m_ObjectHideFlags: 1
  m_PrefabParentObject: {fileID: 0}
  m_PrefabInternal: {fileID: 100100000}
  m_GameObject: {fileID: 1959255810726878}
  m_LocalRotation: {x: -0, y: -0, z: -0, w: 1}
  m_LocalPosition: {x: -3.12, y: 7.42, z: 0}
  m_LocalScale: {x: 1, y: 1, z: 1}
  m_Children: []
  m_Father: {fileID: 4743058440218214}
  m_RootOrder: 2
  m_LocalEulerAnglesHint: {x: 0, y: 0, z: 0}
--- !u!4 &4732810749913112
Transform:
  m_ObjectHideFlags: 1
  m_PrefabParentObject: {fileID: 0}
  m_PrefabInternal: {fileID: 100100000}
  m_GameObject: {fileID: 1892211693489460}
  m_LocalRotation: {x: -0, y: -0, z: -0, w: 1}
  m_LocalPosition: {x: -3.12, y: 7.42, z: 0}
  m_LocalScale: {x: 1, y: 1, z: 1}
  m_Children: []
  m_Father: {fileID: 4743058440218214}
  m_RootOrder: 9
  m_LocalEulerAnglesHint: {x: 0, y: 0, z: 0}
--- !u!4 &4743058440218214
Transform:
  m_ObjectHideFlags: 1
  m_PrefabParentObject: {fileID: 0}
  m_PrefabInternal: {fileID: 100100000}
  m_GameObject: {fileID: 1226356296240250}
  m_LocalRotation: {x: -0, y: -0, z: -0, w: 1}
  m_LocalPosition: {x: 0, y: 0, z: 0}
  m_LocalScale: {x: 1, y: 1, z: 1}
  m_Children:
  - {fileID: 4830856255809002}
  - {fileID: 4814630842481156}
  - {fileID: 4616905080530874}
  - {fileID: 4861294756255364}
  - {fileID: 4751176213360640}
  - {fileID: 4499646781253222}
  - {fileID: 4355795179677828}
  - {fileID: 4923989486876190}
  - {fileID: 4512220044116350}
  - {fileID: 4732810749913112}
  - {fileID: 4122322728620578}
  m_Father: {fileID: 0}
  m_RootOrder: 0
  m_LocalEulerAnglesHint: {x: 0, y: 0, z: 0}
--- !u!4 &4751176213360640
Transform:
  m_ObjectHideFlags: 1
  m_PrefabParentObject: {fileID: 0}
  m_PrefabInternal: {fileID: 100100000}
  m_GameObject: {fileID: 1948965220744202}
  m_LocalRotation: {x: -0, y: -0, z: -0, w: 1}
  m_LocalPosition: {x: -3.12, y: 7.42, z: 0}
  m_LocalScale: {x: 1, y: 1, z: 1}
  m_Children: []
  m_Father: {fileID: 4743058440218214}
  m_RootOrder: 4
  m_LocalEulerAnglesHint: {x: 0, y: 0, z: 0}
--- !u!4 &4814630842481156
Transform:
  m_ObjectHideFlags: 1
  m_PrefabParentObject: {fileID: 0}
  m_PrefabInternal: {fileID: 100100000}
  m_GameObject: {fileID: 1603749923907796}
  m_LocalRotation: {x: -0, y: -0, z: -0, w: 1}
  m_LocalPosition: {x: -3.12, y: 7.42, z: 0}
  m_LocalScale: {x: 1, y: 1, z: 1}
  m_Children: []
  m_Father: {fileID: 4743058440218214}
  m_RootOrder: 1
  m_LocalEulerAnglesHint: {x: 0, y: 0, z: 0}
--- !u!4 &4830856255809002
Transform:
  m_ObjectHideFlags: 1
  m_PrefabParentObject: {fileID: 0}
  m_PrefabInternal: {fileID: 100100000}
  m_GameObject: {fileID: 1974011535923500}
  m_LocalRotation: {x: -0, y: -0, z: -0, w: 1}
  m_LocalPosition: {x: -3.12, y: 7.42, z: 0}
  m_LocalScale: {x: 1, y: 1, z: 1}
  m_Children: []
  m_Father: {fileID: 4743058440218214}
  m_RootOrder: 0
  m_LocalEulerAnglesHint: {x: 0, y: 0, z: 0}
--- !u!4 &4861294756255364
Transform:
  m_ObjectHideFlags: 1
  m_PrefabParentObject: {fileID: 0}
  m_PrefabInternal: {fileID: 100100000}
  m_GameObject: {fileID: 1605824711195712}
  m_LocalRotation: {x: -0, y: -0, z: -0, w: 1}
  m_LocalPosition: {x: -3.12, y: 7.42, z: 0}
  m_LocalScale: {x: 1, y: 1, z: 1}
  m_Children: []
  m_Father: {fileID: 4743058440218214}
  m_RootOrder: 3
  m_LocalEulerAnglesHint: {x: 0, y: 0, z: 0}
--- !u!4 &4923989486876190
Transform:
  m_ObjectHideFlags: 1
  m_PrefabParentObject: {fileID: 0}
  m_PrefabInternal: {fileID: 100100000}
  m_GameObject: {fileID: 1696687974129424}
  m_LocalRotation: {x: -0, y: -0, z: -0, w: 1}
  m_LocalPosition: {x: -3.12, y: 7.42, z: 0}
  m_LocalScale: {x: 1, y: 1, z: 1}
  m_Children: []
  m_Father: {fileID: 4743058440218214}
  m_RootOrder: 7
  m_LocalEulerAnglesHint: {x: 0, y: 0, z: 0}
--- !u!114 &114087204996341616
MonoBehaviour:
  m_ObjectHideFlags: 1
  m_PrefabParentObject: {fileID: 0}
  m_PrefabInternal: {fileID: 100100000}
  m_GameObject: {fileID: 1603749923907796}
  m_Enabled: 1
  m_EditorHideFlags: 0
  m_Script: {fileID: 11500000, guid: 759cc6e4e9140f445b13d21f97c413f4, type: 3}
  m_Name: 
  m_EditorClassIdentifier: 
  path: {fileID: 114934967805681938, guid: e4746670c56a5a64d9c0e6357bc46d16, type: 2}
  timeToBegin: 0.5
  timeToEnd: -1
  timeToNextEnemy: 0
  totalEnemy: 1
  listMiniTurn:
  - enemyPrefab: {fileID: 1768972845371046, guid: 12f1ced7e25b84042b240578d6974ae7,
      type: 2}
    properties: []
    pointAndAction:
    - listAcitonName:
      - WarningHazzard
      type: Point = X
      x: 0
      actionName: WarningHazzard
    newSpeed: 2
    timePauseAction: 4
    newPath: {fileID: 114845254437007288, guid: 63e1e2d166cef3b4f9254bfb1fd9ab92,
      type: 2}
    posStartPathNew: {x: 0, y: 0, z: 0}
    syncAnimation: 0
    enemyStartByNumber: 0
    number: 0
    enemyStartByPosition: 1
    startPosition:
    - {x: 0, y: 0}
    - {x: 3, y: 0}
  changeDurationCamera:
    changeSpeedCamera: 0
    speedBG: 2
    speedDecor: 2.6
    timeChange: 3
--- !u!114 &114171366140282762
MonoBehaviour:
  m_ObjectHideFlags: 1
  m_PrefabParentObject: {fileID: 0}
  m_PrefabInternal: {fileID: 100100000}
  m_GameObject: {fileID: 1226356296240250}
  m_Enabled: 1
  m_EditorHideFlags: 0
  m_Script: {fileID: 11500000, guid: fc7a5de42f2567642b9024df07f4b5dd, type: 3}
  m_Name: 
  m_EditorClassIdentifier: 
  StartTurnAsync: 0
  mTM: []
--- !u!114 &114172013095364260
MonoBehaviour:
  m_ObjectHideFlags: 1
  m_PrefabParentObject: {fileID: 0}
  m_PrefabInternal: {fileID: 100100000}
  m_GameObject: {fileID: 1959255810726878}
  m_Enabled: 1
  m_EditorHideFlags: 0
  m_Script: {fileID: 11500000, guid: 759cc6e4e9140f445b13d21f97c413f4, type: 3}
  m_Name: 
  m_EditorClassIdentifier: 
  path: {fileID: 114934967805681938, guid: e4746670c56a5a64d9c0e6357bc46d16, type: 2}
  timeToBegin: 1.8
  timeToEnd: -1
  timeToNextEnemy: 0
  totalEnemy: 1
  listMiniTurn:
  - enemyPrefab: {fileID: 1768972845371046, guid: 12f1ced7e25b84042b240578d6974ae7,
      type: 2}
    properties: []
    pointAndAction:
    - listAcitonName:
      - WarningHazzard
      type: Point = X
      x: 0
      actionName: WarningHazzard
    newSpeed: 2
    timePauseAction: 4
    newPath: {fileID: 114845254437007288, guid: 63e1e2d166cef3b4f9254bfb1fd9ab92,
      type: 2}
    posStartPathNew: {x: 0, y: 0, z: 0}
    syncAnimation: 0
    enemyStartByNumber: 0
    number: 0
    enemyStartByPosition: 1
    startPosition:
    - {x: 1, y: 0}
    - {x: 6, y: 0}
  changeDurationCamera:
    changeSpeedCamera: 0
    speedBG: 2
    speedDecor: 2.6
    timeChange: 3
--- !u!114 &114370072828745258
MonoBehaviour:
  m_ObjectHideFlags: 1
  m_PrefabParentObject: {fileID: 0}
  m_PrefabInternal: {fileID: 100100000}
  m_GameObject: {fileID: 1696687974129424}
  m_Enabled: 1
  m_EditorHideFlags: 0
  m_Script: {fileID: 11500000, guid: 759cc6e4e9140f445b13d21f97c413f4, type: 3}
  m_Name: 
  m_EditorClassIdentifier: 
  path: {fileID: 114934967805681938, guid: e4746670c56a5a64d9c0e6357bc46d16, type: 2}
  timeToBegin: 5.5
  timeToEnd: -1
  timeToNextEnemy: 0
  totalEnemy: 1
  listMiniTurn:
  - enemyPrefab: {fileID: 1768972845371046, guid: 03bba4a2ce9b0aa48863f25e5910a5bc,
      type: 2}
    properties: []
    pointAndAction:
    - listAcitonName:
      - WarningHazzard
      type: Point = X
      x: 0
      actionName: WarningHazzard
    newSpeed: 2
    timePauseAction: 4
    newPath: {fileID: 114845254437007288, guid: 63e1e2d166cef3b4f9254bfb1fd9ab92,
      type: 2}
    posStartPathNew: {x: 0, y: 0, z: 0}
    syncAnimation: 0
    enemyStartByNumber: 0
    number: 0
    enemyStartByPosition: 1
    startPosition:
    - {x: 1, y: 0}
    - {x: 5, y: 0}
  changeDurationCamera:
    changeSpeedCamera: 0
    speedBG: 2
    speedDecor: 2.6
    timeChange: 3
--- !u!114 &114422871505150958
MonoBehaviour:
  m_ObjectHideFlags: 1
  m_PrefabParentObject: {fileID: 0}
  m_PrefabInternal: {fileID: 100100000}
  m_GameObject: {fileID: 1974011535923500}
  m_Enabled: 1
  m_EditorHideFlags: 0
  m_Script: {fileID: 11500000, guid: 759cc6e4e9140f445b13d21f97c413f4, type: 3}
  m_Name: 
  m_EditorClassIdentifier: 
  path: {fileID: 114934967805681938, guid: e4746670c56a5a64d9c0e6357bc46d16, type: 2}
  timeToBegin: 0
  timeToEnd: -1
  timeToNextEnemy: 0.7
  totalEnemy: 2
  listMiniTurn:
  - enemyPrefab: {fileID: 1768972845371046, guid: 12f1ced7e25b84042b240578d6974ae7,
      type: 2}
    properties: []
    pointAndAction:
    - listAcitonName:
      - WarningHazzard
      type: Started
      x: 0
      actionName: WarningHazzard
    newSpeed: 2
    timePauseAction: 4
    newPath: {fileID: 114845254437007288, guid: 63e1e2d166cef3b4f9254bfb1fd9ab92,
      type: 2}
    posStartPathNew: {x: 0, y: 0, z: 0}
    syncAnimation: 0
    enemyStartByNumber: 0
    number: 0
    enemyStartByPosition: 1
    startPosition:
    - {x: 0, y: 0}
    - {x: 1, y: 0}
  changeDurationCamera:
    changeSpeedCamera: 0
    speedBG: 2
    speedDecor: 2.6
    timeChange: 3
--- !u!114 &114440937545351638
MonoBehaviour:
  m_ObjectHideFlags: 1
  m_PrefabParentObject: {fileID: 0}
  m_PrefabInternal: {fileID: 100100000}
  m_GameObject: {fileID: 1447808556982640}
  m_Enabled: 1
  m_EditorHideFlags: 0
  m_Script: {fileID: 11500000, guid: 759cc6e4e9140f445b13d21f97c413f4, type: 3}
  m_Name: 
  m_EditorClassIdentifier: 
  path: {fileID: 114934967805681938, guid: e4746670c56a5a64d9c0e6357bc46d16, type: 2}
  timeToBegin: 4
  timeToEnd: -1
  timeToNextEnemy: 0
  totalEnemy: 1
  listMiniTurn:
  - enemyPrefab: {fileID: 1768972845371046, guid: 12f1ced7e25b84042b240578d6974ae7,
      type: 2}
    properties: []
    pointAndAction:
    - listAcitonName:
      - WarningHazzard
      type: Point = X
      x: 0
      actionName: WarningHazzard
    newSpeed: 2
    timePauseAction: 4
    newPath: {fileID: 114845254437007288, guid: 63e1e2d166cef3b4f9254bfb1fd9ab92,
      type: 2}
    posStartPathNew: {x: 0, y: 0, z: 0}
    syncAnimation: 0
    enemyStartByNumber: 0
    number: 0
    enemyStartByPosition: 1
    startPosition:
    - {x: 1, y: 0}
    - {x: 6, y: 0}
  changeDurationCamera:
    changeSpeedCamera: 0
    speedBG: 2
    speedDecor: 2.6
    timeChange: 3
--- !u!114 &114532760936651434
MonoBehaviour:
  m_ObjectHideFlags: 1
  m_PrefabParentObject: {fileID: 0}
  m_PrefabInternal: {fileID: 100100000}
  m_GameObject: {fileID: 1892211693489460}
  m_Enabled: 1
  m_EditorHideFlags: 0
  m_Script: {fileID: 11500000, guid: 759cc6e4e9140f445b13d21f97c413f4, type: 3}
  m_Name: 
  m_EditorClassIdentifier: 
  path: {fileID: 114934967805681938, guid: e4746670c56a5a64d9c0e6357bc46d16, type: 2}
  timeToBegin: 7.8
  timeToEnd: -1
  timeToNextEnemy: 0
  totalEnemy: 1
  listMiniTurn:
  - enemyPrefab: {fileID: 1768972845371046, guid: 03bba4a2ce9b0aa48863f25e5910a5bc,
      type: 2}
    properties: []
    pointAndAction:
    - listAcitonName:
      - WarningHazzard
      type: Point = X
      x: 0
      actionName: WarningHazzard
    newSpeed: 2
    timePauseAction: 4
    newPath: {fileID: 114845254437007288, guid: 63e1e2d166cef3b4f9254bfb1fd9ab92,
      type: 2}
    posStartPathNew: {x: 0, y: 0, z: 0}
    syncAnimation: 0
    enemyStartByNumber: 0
    number: 0
    enemyStartByPosition: 1
    startPosition:
    - {x: 3, y: 0}
    - {x: 5, y: 0}
  changeDurationCamera:
    changeSpeedCamera: 0
    speedBG: 2
    speedDecor: 2.6
    timeChange: 3
--- !u!114 &114544707907426380
MonoBehaviour:
  m_ObjectHideFlags: 1
  m_PrefabParentObject: {fileID: 0}
  m_PrefabInternal: {fileID: 100100000}
  m_GameObject: {fileID: 1716828516706230}
  m_Enabled: 1
  m_EditorHideFlags: 0
  m_Script: {fileID: 11500000, guid: 759cc6e4e9140f445b13d21f97c413f4, type: 3}
  m_Name: 
  m_EditorClassIdentifier: 
  path: {fileID: 114934967805681938, guid: e4746670c56a5a64d9c0e6357bc46d16, type: 2}
  timeToBegin: 6.7
  timeToEnd: -1
  timeToNextEnemy: 0
  totalEnemy: 1
  listMiniTurn:
  - enemyPrefab: {fileID: 1768972845371046, guid: 03bba4a2ce9b0aa48863f25e5910a5bc,
      type: 2}
    properties: []
    pointAndAction:
    - listAcitonName:
      - WarningHazzard
      type: Point = X
      x: 0
      actionName: WarningHazzard
    newSpeed: 2
    timePauseAction: 4
    newPath: {fileID: 114845254437007288, guid: 63e1e2d166cef3b4f9254bfb1fd9ab92,
      type: 2}
    posStartPathNew: {x: 0, y: 0, z: 0}
    syncAnimation: 0
    enemyStartByNumber: 0
    number: 0
    enemyStartByPosition: 1
    startPosition:
    - {x: 1, y: 0}
    - {x: 2, y: 0}
    - {x: 6, y: 0}
  changeDurationCamera:
    changeSpeedCamera: 0
    speedBG: 2
    speedDecor: 2.6
    timeChange: 3
--- !u!114 &114594578725060510
MonoBehaviour:
  m_ObjectHideFlags: 1
  m_PrefabParentObject: {fileID: 0}
  m_PrefabInternal: {fileID: 100100000}
  m_GameObject: {fileID: 1948965220744202}
  m_Enabled: 1
  m_EditorHideFlags: 0
  m_Script: {fileID: 11500000, guid: 759cc6e4e9140f445b13d21f97c413f4, type: 3}
  m_Name: 
  m_EditorClassIdentifier: 
  path: {fileID: 114934967805681938, guid: e4746670c56a5a64d9c0e6357bc46d16, type: 2}
  timeToBegin: 3.5
  timeToEnd: -1
  timeToNextEnemy: 0
  totalEnemy: 1
  listMiniTurn:
  - enemyPrefab: {fileID: 1768972845371046, guid: 12f1ced7e25b84042b240578d6974ae7,
      type: 2}
    properties: []
    pointAndAction:
    - listAcitonName:
      - WarningHazzard
      type: Point = X
      x: 0
      actionName: WarningHazzard
    newSpeed: 2
    timePauseAction: 4
    newPath: {fileID: 114845254437007288, guid: 63e1e2d166cef3b4f9254bfb1fd9ab92,
      type: 2}
    posStartPathNew: {x: 0, y: 0, z: 0}
    syncAnimation: 0
    enemyStartByNumber: 0
    number: 0
    enemyStartByPosition: 1
    startPosition:
    - {x: 0, y: 0}
  changeDurationCamera:
    changeSpeedCamera: 0
    speedBG: 2
    speedDecor: 2.6
    timeChange: 3
--- !u!114 &114628675999895804
MonoBehaviour:
  m_ObjectHideFlags: 1
  m_PrefabParentObject: {fileID: 0}
  m_PrefabInternal: {fileID: 100100000}
  m_GameObject: {fileID: 1737277741386232}
  m_Enabled: 1
  m_EditorHideFlags: 0
  m_Script: {fileID: 11500000, guid: 759cc6e4e9140f445b13d21f97c413f4, type: 3}
  m_Name: 
  m_EditorClassIdentifier: 
  path: {fileID: 114934967805681938, guid: e4746670c56a5a64d9c0e6357bc46d16, type: 2}
  timeToBegin: 4.5
  timeToEnd: -1
  timeToNextEnemy: 0
  totalEnemy: 1
  listMiniTurn:
  - enemyPrefab: {fileID: 1768972845371046, guid: 12f1ced7e25b84042b240578d6974ae7,
      type: 2}
    properties: []
    pointAndAction:
    - listAcitonName:
      - WarningHazzard
      type: Point = X
      x: 0
      actionName: WarningHazzard
    newSpeed: 2
    timePauseAction: 4
    newPath: {fileID: 114845254437007288, guid: 63e1e2d166cef3b4f9254bfb1fd9ab92,
      type: 2}
    posStartPathNew: {x: 0, y: 0, z: 0}
    syncAnimation: 0
    enemyStartByNumber: 0
    number: 0
    enemyStartByPosition: 1
    startPosition:
    - {x: 2, y: 0}
    - {x: 5, y: 0}
  changeDurationCamera:
    changeSpeedCamera: 0
    speedBG: 2
    speedDecor: 2.6
    timeChange: 3
--- !u!114 &114801540851012774
MonoBehaviour:
  m_ObjectHideFlags: 1
  m_PrefabParentObject: {fileID: 0}
  m_PrefabInternal: {fileID: 100100000}
  m_GameObject: {fileID: 1605824711195712}
  m_Enabled: 1
  m_EditorHideFlags: 0
  m_Script: {fileID: 11500000, guid: 759cc6e4e9140f445b13d21f97c413f4, type: 3}
  m_Name: 
  m_EditorClassIdentifier: 
  path: {fileID: 114934967805681938, guid: e4746670c56a5a64d9c0e6357bc46d16, type: 2}
  timeToBegin: 2.5
  timeToEnd: -1
  timeToNextEnemy: 0
  totalEnemy: 1
  listMiniTurn:
  - enemyPrefab: {fileID: 1768972845371046, guid: 12f1ced7e25b84042b240578d6974ae7,
      type: 2}
    properties: []
    pointAndAction:
    - listAcitonName:
      - WarningHazzard
      type: Point = X
      x: 0
      actionName: WarningHazzard
    newSpeed: 2
    timePauseAction: 4
    newPath: {fileID: 114845254437007288, guid: 63e1e2d166cef3b4f9254bfb1fd9ab92,
      type: 2}
    posStartPathNew: {x: 0, y: 0, z: 0}
    syncAnimation: 0
    enemyStartByNumber: 0
    number: 0
    enemyStartByPosition: 1
    startPosition:
    - {x: 2, y: 0}
    - {x: 3, y: 0}
    - {x: 6, y: 0}
  changeDurationCamera:
    changeSpeedCamera: 0
    speedBG: 2
    speedDecor: 2.6
    timeChange: 3
--- !u!114 &114843252970089356
MonoBehaviour:
  m_ObjectHideFlags: 1
  m_PrefabParentObject: {fileID: 0}
  m_PrefabInternal: {fileID: 100100000}
  m_GameObject: {fileID: 1742725826843350}
  m_Enabled: 1
  m_EditorHideFlags: 0
  m_Script: {fileID: 11500000, guid: 759cc6e4e9140f445b13d21f97c413f4, type: 3}
  m_Name: 
  m_EditorClassIdentifier: 
  path: {fileID: 114934967805681938, guid: e4746670c56a5a64d9c0e6357bc46d16, type: 2}
  timeToBegin: 8.3
  timeToEnd: -1
  timeToNextEnemy: 0
  totalEnemy: 1
  listMiniTurn:
  - enemyPrefab: {fileID: 1768972845371046, guid: 03bba4a2ce9b0aa48863f25e5910a5bc,
      type: 2}
    properties: []
    pointAndAction:
    - listAcitonName:
      - WarningHazzard
      type: Point = X
      x: 0
      actionName: WarningHazzard
    newSpeed: 2
    timePauseAction: 4
    newPath: {fileID: 114845254437007288, guid: 63e1e2d166cef3b4f9254bfb1fd9ab92,
      type: 2}
    posStartPathNew: {x: 0, y: 0, z: 0}
    syncAnimation: 0
    enemyStartByNumber: 0
    number: 0
    enemyStartByPosition: 1
    startPosition:
    - {x: 2, y: 0}
    - {x: 6, y: 0}
  changeDurationCamera:
    changeSpeedCamera: 0
    speedBG: 2
    speedDecor: 2.6
    timeChange: 3
