%YAML 1.1
%TAG !u! tag:unity3d.com,2011:
--- !u!1001 &100100000
Prefab:
  m_ObjectHideFlags: 1
  serializedVersion: 2
  m_Modification:
    m_TransformParent: {fileID: 0}
    m_Modifications: []
    m_RemovedComponents: []
  m_ParentPrefab: {fileID: 0}
  m_RootGameObject: {fileID: 1750396814285962}
  m_IsPrefabParent: 1
--- !u!1 &1068604539495938
GameObject:
  m_ObjectHideFlags: 0
  m_PrefabParentObject: {fileID: 0}
  m_PrefabInternal: {fileID: 100100000}
  serializedVersion: 5
  m_Component:
  - component: {fileID: 4115500807483362}
  - component: {fileID: 114925198034809302}
  m_Layer: 0
  m_Name: Muoi_Trace 4
  m_TagString: Untagged
  m_Icon: {fileID: 0}
  m_NavMeshLayer: 0
  m_StaticEditorFlags: 0
  m_IsActive: 1
--- !u!1 &1246427291537698
GameObject:
  m_ObjectHideFlags: 0
  m_PrefabParentObject: {fileID: 0}
  m_PrefabInternal: {fileID: 100100000}
  serializedVersion: 5
  m_Component:
  - component: {fileID: 4008825163950764}
  - component: {fileID: 114616454686202790}
  m_Layer: 0
  m_Name: Muoi_Trace 4
  m_TagString: Untagged
  m_Icon: {fileID: 0}
  m_NavMeshLayer: 0
  m_StaticEditorFlags: 0
  m_IsActive: 1
--- !u!1 &1750396814285962
GameObject:
  m_ObjectHideFlags: 0
  m_PrefabParentObject: {fileID: 0}
  m_PrefabInternal: {fileID: 100100000}
  serializedVersion: 5
  m_Component:
  - component: {fileID: 4960779956395452}
  - component: {fileID: 114640687247984804}
  m_Layer: 0
  m_Name: Lv15_2
  m_TagString: Untagged
  m_Icon: {fileID: 0}
  m_NavMeshLayer: 0
  m_StaticEditorFlags: 0
  m_IsActive: 1
--- !u!4 &4008825163950764
Transform:
  m_ObjectHideFlags: 1
  m_PrefabParentObject: {fileID: 0}
  m_PrefabInternal: {fileID: 100100000}
  m_GameObject: {fileID: 1246427291537698}
  m_LocalRotation: {x: -0, y: -0, z: -0, w: 1}
  m_LocalPosition: {x: -2.91, y: 10.96, z: 0}
  m_LocalScale: {x: 1, y: 1, z: 1}
  m_Children: []
  m_Father: {fileID: 4960779956395452}
  m_RootOrder: 1
  m_LocalEulerAnglesHint: {x: 0, y: 0, z: 0}
--- !u!4 &4115500807483362
Transform:
  m_ObjectHideFlags: 1
  m_PrefabParentObject: {fileID: 0}
  m_PrefabInternal: {fileID: 100100000}
  m_GameObject: {fileID: 1068604539495938}
  m_LocalRotation: {x: -0, y: -0, z: -0, w: 1}
  m_LocalPosition: {x: -0.54, y: 10.56, z: 0}
  m_LocalScale: {x: 1, y: 1, z: 1}
  m_Children: []
  m_Father: {fileID: 4960779956395452}
  m_RootOrder: 0
  m_LocalEulerAnglesHint: {x: 0, y: 0, z: 0}
--- !u!4 &4960779956395452
Transform:
  m_ObjectHideFlags: 1
  m_PrefabParentObject: {fileID: 0}
  m_PrefabInternal: {fileID: 100100000}
  m_GameObject: {fileID: 1750396814285962}
  m_LocalRotation: {x: -0, y: -0, z: -0, w: 1}
  m_LocalPosition: {x: 0, y: 0, z: 0}
  m_LocalScale: {x: 1, y: 1, z: 1}
  m_Children:
  - {fileID: 4115500807483362}
  - {fileID: 4008825163950764}
  m_Father: {fileID: 0}
  m_RootOrder: 0
  m_LocalEulerAnglesHint: {x: 0, y: 0, z: 0}
--- !u!114 &114616454686202790
MonoBehaviour:
  m_ObjectHideFlags: 1
  m_PrefabParentObject: {fileID: 0}
  m_PrefabInternal: {fileID: 100100000}
  m_GameObject: {fileID: 1246427291537698}
  m_Enabled: 1
  m_EditorHideFlags: 0
  m_Script: {fileID: 11500000, guid: 759cc6e4e9140f445b13d21f97c413f4, type: 3}
  m_Name: 
  m_EditorClassIdentifier: 
  path: {fileID: 114331827442201966, guid: abf9a284eb0454f41954b438910f895f, type: 2}
  timeToBegin: 4
  timeToEnd: 3
  timeToNextEnemy: 0.5
  totalEnemy: 1
  listMiniTurn:
  - enemyPrefab: {fileID: 1888685298243588, guid: 846a5b689fc33eb40a9390f3dc62d9f4,
      type: 2}
    properties: []
    pointAndAction:
    - listAcitonName:
      - ShootLoop
      - DropItem
      - ChangeSpeed
      - ChangeToPathLoop
      - PauseAndShootLoop
      type: Dead by player
      x: 0
      actionName: DropItem
    - listAcitonName:
      - ShootLoop
      - DropItem
      - ChangeSpeed
      - ChangeToPathLoop
      - PauseAndShootLoop
      type: Point = X
      x: 0
      actionName: ChangeSpeed
    - listAcitonName:
      - ShootLoop
      - DropItem
      - ChangeSpeed
      - ChangeToPathLoop
      - PauseAndShootLoop
      type: After X Millisecond
      x: 1500
      actionName: ShootLoop
    newSpeed: 3
    timePauseAction: 4
    newPath: {fileID: 114845254437007288, guid: 63e1e2d166cef3b4f9254bfb1fd9ab92,
      type: 2}
    posStartPathNew: {x: 0, y: 0, z: 0}
    syncAnimation: 0
    enemyStartByNumber: 1
    number: 4
    enemyStartByPosition: 0
    startPosition:
    - {x: -1, y: 0}
    - {x: 1, y: 0}
  changeDurationCamera:
    changeSpeedCamera: 0
    speedBG: 2
    speedDecor: 2.6
    timeChange: 3
--- !u!114 &114640687247984804
MonoBehaviour:
  m_ObjectHideFlags: 1
  m_PrefabParentObject: {fileID: 0}
  m_PrefabInternal: {fileID: 100100000}
  m_GameObject: {fileID: 1750396814285962}
  m_Enabled: 1
  m_EditorHideFlags: 0
  m_Script: {fileID: 11500000, guid: fc7a5de42f2567642b9024df07f4b5dd, type: 3}
  m_Name: 
  m_EditorClassIdentifier: 
  StartTurnAsync: 0
  mTM: []
--- !u!114 &114925198034809302
MonoBehaviour:
  m_ObjectHideFlags: 1
  m_PrefabParentObject: {fileID: 0}
  m_PrefabInternal: {fileID: 100100000}
  m_GameObject: {fileID: 1068604539495938}
  m_Enabled: 1
  m_EditorHideFlags: 0
  m_Script: {fileID: 11500000, guid: 759cc6e4e9140f445b13d21f97c413f4, type: 3}
  m_Name: 
  m_EditorClassIdentifier: 
  path: {fileID: 114235809946819246, guid: 9bf8bb800e347684c8ca95b087a17566, type: 2}
  timeToBegin: 0
  timeToEnd: 5
  timeToNextEnemy: 0.5
  totalEnemy: 1
  listMiniTurn:
  - enemyPrefab: {fileID: 1888685298243588, guid: 846a5b689fc33eb40a9390f3dc62d9f4,
      type: 2}
    properties: []
    pointAndAction:
    - listAcitonName:
      - ShootLoop
      - DropItem
      - ChangeSpeed
      - ChangeToPathLoop
      - PauseAndShootLoop
      type: Dead by player
      x: 0
      actionName: DropItem
    - listAcitonName:
      - ShootLoop
      - DropItem
      - ChangeSpeed
      - ChangeToPathLoop
      - PauseAndShootLoop
      type: After X Millisecond
      x: 1500
      actionName: ShootLoop
    - listAcitonName:
      - ShootLoop
      - DropItem
      - ChangeSpeed
      - ChangeToPathLoop
      - PauseAndShootLoop
      type: Point = X
      x: 0
      actionName: ChangeSpeed
    newSpeed: 3
    timePauseAction: 4
    newPath: {fileID: 114845254437007288, guid: 63e1e2d166cef3b4f9254bfb1fd9ab92,
      type: 2}
    posStartPathNew: {x: 0, y: 0, z: 0}
    syncAnimation: 0
    enemyStartByNumber: 1
    number: 4
    enemyStartByPosition: 0
    startPosition:
    - {x: -1, y: 0}
    - {x: 1, y: 0}
  changeDurationCamera:
    changeSpeedCamera: 0
    speedBG: 2
    speedDecor: 2.6
    timeChange: 3
