%YAML 1.1
%TAG !u! tag:unity3d.com,2011:
--- !u!1001 &100100000
Prefab:
  m_ObjectHideFlags: 1
  serializedVersion: 2
  m_Modification:
    m_TransformParent: {fileID: 0}
    m_Modifications: []
    m_RemovedComponents: []
  m_ParentPrefab: {fileID: 0}
  m_RootGameObject: {fileID: 1121651715538386}
  m_IsPrefabParent: 1
--- !u!1 &1046399696256532
GameObject:
  m_ObjectHideFlags: 0
  m_PrefabParentObject: {fileID: 0}
  m_PrefabInternal: {fileID: 100100000}
  serializedVersion: 5
  m_Component:
  - component: {fileID: 4724149718165404}
  - component: {fileID: 114919755454744724}
  m_Layer: 0
  m_Name: Hazzard 3
  m_TagString: Untagged
  m_Icon: {fileID: 0}
  m_NavMeshLayer: 0
  m_StaticEditorFlags: 0
  m_IsActive: 1
--- !u!1 &1094418940347012
GameObject:
  m_ObjectHideFlags: 0
  m_PrefabParentObject: {fileID: 0}
  m_PrefabInternal: {fileID: 100100000}
  serializedVersion: 5
  m_Component:
  - component: {fileID: 4260148380472780}
  - component: {fileID: 114592169892809784}
  m_Layer: 0
  m_Name: Hazzard 2
  m_TagString: Untagged
  m_Icon: {fileID: 0}
  m_NavMeshLayer: 0
  m_StaticEditorFlags: 0
  m_IsActive: 1
--- !u!1 &1121651715538386
GameObject:
  m_ObjectHideFlags: 0
  m_PrefabParentObject: {fileID: 0}
  m_PrefabInternal: {fileID: 100100000}
  serializedVersion: 5
  m_Component:
  - component: {fileID: 4452019793031612}
  - component: {fileID: 114130974571397904}
  m_Layer: 0
  m_Name: Lv19_1
  m_TagString: Untagged
  m_Icon: {fileID: 0}
  m_NavMeshLayer: 0
  m_StaticEditorFlags: 0
  m_IsActive: 1
--- !u!1 &1132753090963006
GameObject:
  m_ObjectHideFlags: 0
  m_PrefabParentObject: {fileID: 0}
  m_PrefabInternal: {fileID: 100100000}
  serializedVersion: 5
  m_Component:
  - component: {fileID: 4735733137448516}
  - component: {fileID: 114814295862457376}
  m_Layer: 0
  m_Name: Hazzard 2
  m_TagString: Untagged
  m_Icon: {fileID: 0}
  m_NavMeshLayer: 0
  m_StaticEditorFlags: 0
  m_IsActive: 1
--- !u!1 &1297012365939506
GameObject:
  m_ObjectHideFlags: 0
  m_PrefabParentObject: {fileID: 0}
  m_PrefabInternal: {fileID: 100100000}
  serializedVersion: 5
  m_Component:
  - component: {fileID: 4683220799789696}
  - component: {fileID: 114465948148312150}
  m_Layer: 0
  m_Name: Hazzard
  m_TagString: Untagged
  m_Icon: {fileID: 0}
  m_NavMeshLayer: 0
  m_StaticEditorFlags: 0
  m_IsActive: 1
--- !u!1 &1554763257081242
GameObject:
  m_ObjectHideFlags: 0
  m_PrefabParentObject: {fileID: 0}
  m_PrefabInternal: {fileID: 100100000}
  serializedVersion: 5
  m_Component:
  - component: {fileID: 4516841145867998}
  - component: {fileID: 114956293597246820}
  m_Layer: 0
  m_Name: Hazzard 2
  m_TagString: Untagged
  m_Icon: {fileID: 0}
  m_NavMeshLayer: 0
  m_StaticEditorFlags: 0
  m_IsActive: 1
--- !u!1 &1609608888971726
GameObject:
  m_ObjectHideFlags: 0
  m_PrefabParentObject: {fileID: 0}
  m_PrefabInternal: {fileID: 100100000}
  serializedVersion: 5
  m_Component:
  - component: {fileID: 4444230981722006}
  - component: {fileID: 114757904381710932}
  m_Layer: 0
  m_Name: Hazzard 2
  m_TagString: Untagged
  m_Icon: {fileID: 0}
  m_NavMeshLayer: 0
  m_StaticEditorFlags: 0
  m_IsActive: 1
--- !u!1 &1775843689646688
GameObject:
  m_ObjectHideFlags: 0
  m_PrefabParentObject: {fileID: 0}
  m_PrefabInternal: {fileID: 100100000}
  serializedVersion: 5
  m_Component:
  - component: {fileID: 4822376905341114}
  - component: {fileID: 114523168066754964}
  m_Layer: 0
  m_Name: Hazzard 2
  m_TagString: Untagged
  m_Icon: {fileID: 0}
  m_NavMeshLayer: 0
  m_StaticEditorFlags: 0
  m_IsActive: 1
--- !u!1 &1796516274053256
GameObject:
  m_ObjectHideFlags: 0
  m_PrefabParentObject: {fileID: 0}
  m_PrefabInternal: {fileID: 100100000}
  serializedVersion: 5
  m_Component:
  - component: {fileID: 4858164444029496}
  - component: {fileID: 114198347331141380}
  m_Layer: 0
  m_Name: Hazzard 2
  m_TagString: Untagged
  m_Icon: {fileID: 0}
  m_NavMeshLayer: 0
  m_StaticEditorFlags: 0
  m_IsActive: 1
--- !u!1 &1888848634023160
GameObject:
  m_ObjectHideFlags: 0
  m_PrefabParentObject: {fileID: 0}
  m_PrefabInternal: {fileID: 100100000}
  serializedVersion: 5
  m_Component:
  - component: {fileID: 4930529853164600}
  - component: {fileID: 114482072516622424}
  m_Layer: 0
  m_Name: Hazzard 2
  m_TagString: Untagged
  m_Icon: {fileID: 0}
  m_NavMeshLayer: 0
  m_StaticEditorFlags: 0
  m_IsActive: 1
--- !u!1 &1888976779060060
GameObject:
  m_ObjectHideFlags: 0
  m_PrefabParentObject: {fileID: 0}
  m_PrefabInternal: {fileID: 100100000}
  serializedVersion: 5
  m_Component:
  - component: {fileID: 4708996721415018}
  - component: {fileID: 114788887620888682}
  m_Layer: 0
  m_Name: Hazzard 2
  m_TagString: Untagged
  m_Icon: {fileID: 0}
  m_NavMeshLayer: 0
  m_StaticEditorFlags: 0
  m_IsActive: 1
--- !u!1 &1960327809859828
GameObject:
  m_ObjectHideFlags: 0
  m_PrefabParentObject: {fileID: 0}
  m_PrefabInternal: {fileID: 100100000}
  serializedVersion: 5
  m_Component:
  - component: {fileID: 4109156601642086}
  - component: {fileID: 114921096471632914}
  m_Layer: 0
  m_Name: Hazzard 3
  m_TagString: Untagged
  m_Icon: {fileID: 0}
  m_NavMeshLayer: 0
  m_StaticEditorFlags: 0
  m_IsActive: 1
--- !u!4 &4109156601642086
Transform:
  m_ObjectHideFlags: 1
  m_PrefabParentObject: {fileID: 0}
  m_PrefabInternal: {fileID: 100100000}
  m_GameObject: {fileID: 1960327809859828}
  m_LocalRotation: {x: -0, y: -0, z: -0, w: 1}
  m_LocalPosition: {x: -3.12, y: 7.42, z: 0}
  m_LocalScale: {x: 1, y: 1, z: 1}
  m_Children: []
  m_Father: {fileID: 4452019793031612}
  m_RootOrder: 8
  m_LocalEulerAnglesHint: {x: 0, y: 0, z: 0}
--- !u!4 &4260148380472780
Transform:
  m_ObjectHideFlags: 1
  m_PrefabParentObject: {fileID: 0}
  m_PrefabInternal: {fileID: 100100000}
  m_GameObject: {fileID: 1094418940347012}
  m_LocalRotation: {x: -0, y: -0, z: -0, w: 1}
  m_LocalPosition: {x: -3.12, y: 7.42, z: 0}
  m_LocalScale: {x: 1, y: 1, z: 1}
  m_Children: []
  m_Father: {fileID: 4452019793031612}
  m_RootOrder: 7
  m_LocalEulerAnglesHint: {x: 0, y: 0, z: 0}
--- !u!4 &4444230981722006
Transform:
  m_ObjectHideFlags: 1
  m_PrefabParentObject: {fileID: 0}
  m_PrefabInternal: {fileID: 100100000}
  m_GameObject: {fileID: 1609608888971726}
  m_LocalRotation: {x: -0, y: -0, z: -0, w: 1}
  m_LocalPosition: {x: -3.12, y: 7.42, z: 0}
  m_LocalScale: {x: 1, y: 1, z: 1}
  m_Children: []
  m_Father: {fileID: 4452019793031612}
  m_RootOrder: 0
  m_LocalEulerAnglesHint: {x: 0, y: 0, z: 0}
--- !u!4 &4452019793031612
Transform:
  m_ObjectHideFlags: 1
  m_PrefabParentObject: {fileID: 0}
  m_PrefabInternal: {fileID: 100100000}
  m_GameObject: {fileID: 1121651715538386}
  m_LocalRotation: {x: -0, y: -0, z: -0, w: 1}
  m_LocalPosition: {x: 0, y: 0, z: 0}
  m_LocalScale: {x: 1, y: 1, z: 1}
  m_Children:
  - {fileID: 4444230981722006}
  - {fileID: 4516841145867998}
  - {fileID: 4735733137448516}
  - {fileID: 4724149718165404}
  - {fileID: 4683220799789696}
  - {fileID: 4858164444029496}
  - {fileID: 4708996721415018}
  - {fileID: 4260148380472780}
  - {fileID: 4109156601642086}
  - {fileID: 4822376905341114}
  - {fileID: 4930529853164600}
  m_Father: {fileID: 0}
  m_RootOrder: 0
  m_LocalEulerAnglesHint: {x: 0, y: 0, z: 0}
--- !u!4 &4516841145867998
Transform:
  m_ObjectHideFlags: 1
  m_PrefabParentObject: {fileID: 0}
  m_PrefabInternal: {fileID: 100100000}
  m_GameObject: {fileID: 1554763257081242}
  m_LocalRotation: {x: -0, y: -0, z: -0, w: 1}
  m_LocalPosition: {x: -3.12, y: 7.42, z: 0}
  m_LocalScale: {x: 1, y: 1, z: 1}
  m_Children: []
  m_Father: {fileID: 4452019793031612}
  m_RootOrder: 1
  m_LocalEulerAnglesHint: {x: 0, y: 0, z: 0}
--- !u!4 &4683220799789696
Transform:
  m_ObjectHideFlags: 1
  m_PrefabParentObject: {fileID: 0}
  m_PrefabInternal: {fileID: 100100000}
  m_GameObject: {fileID: 1297012365939506}
  m_LocalRotation: {x: -0, y: -0, z: -0, w: 1}
  m_LocalPosition: {x: -3.12, y: 7.42, z: 0}
  m_LocalScale: {x: 1, y: 1, z: 1}
  m_Children: []
  m_Father: {fileID: 4452019793031612}
  m_RootOrder: 4
  m_LocalEulerAnglesHint: {x: 0, y: 0, z: 0}
--- !u!4 &4708996721415018
Transform:
  m_ObjectHideFlags: 1
  m_PrefabParentObject: {fileID: 0}
  m_PrefabInternal: {fileID: 100100000}
  m_GameObject: {fileID: 1888976779060060}
  m_LocalRotation: {x: -0, y: -0, z: -0, w: 1}
  m_LocalPosition: {x: -3.12, y: 7.42, z: 0}
  m_LocalScale: {x: 1, y: 1, z: 1}
  m_Children: []
  m_Father: {fileID: 4452019793031612}
  m_RootOrder: 6
  m_LocalEulerAnglesHint: {x: 0, y: 0, z: 0}
--- !u!4 &4724149718165404
Transform:
  m_ObjectHideFlags: 1
  m_PrefabParentObject: {fileID: 0}
  m_PrefabInternal: {fileID: 100100000}
  m_GameObject: {fileID: 1046399696256532}
  m_LocalRotation: {x: -0, y: -0, z: -0, w: 1}
  m_LocalPosition: {x: -3.12, y: 7.42, z: 0}
  m_LocalScale: {x: 1, y: 1, z: 1}
  m_Children: []
  m_Father: {fileID: 4452019793031612}
  m_RootOrder: 3
  m_LocalEulerAnglesHint: {x: 0, y: 0, z: 0}
--- !u!4 &4735733137448516
Transform:
  m_ObjectHideFlags: 1
  m_PrefabParentObject: {fileID: 0}
  m_PrefabInternal: {fileID: 100100000}
  m_GameObject: {fileID: 1132753090963006}
  m_LocalRotation: {x: -0, y: -0, z: -0, w: 1}
  m_LocalPosition: {x: -3.12, y: 7.42, z: 0}
  m_LocalScale: {x: 1, y: 1, z: 1}
  m_Children: []
  m_Father: {fileID: 4452019793031612}
  m_RootOrder: 2
  m_LocalEulerAnglesHint: {x: 0, y: 0, z: 0}
--- !u!4 &4822376905341114
Transform:
  m_ObjectHideFlags: 1
  m_PrefabParentObject: {fileID: 0}
  m_PrefabInternal: {fileID: 100100000}
  m_GameObject: {fileID: 1775843689646688}
  m_LocalRotation: {x: -0, y: -0, z: -0, w: 1}
  m_LocalPosition: {x: -3.12, y: 7.42, z: 0}
  m_LocalScale: {x: 1, y: 1, z: 1}
  m_Children: []
  m_Father: {fileID: 4452019793031612}
  m_RootOrder: 9
  m_LocalEulerAnglesHint: {x: 0, y: 0, z: 0}
--- !u!4 &4858164444029496
Transform:
  m_ObjectHideFlags: 1
  m_PrefabParentObject: {fileID: 0}
  m_PrefabInternal: {fileID: 100100000}
  m_GameObject: {fileID: 1796516274053256}
  m_LocalRotation: {x: -0, y: -0, z: -0, w: 1}
  m_LocalPosition: {x: -3.12, y: 7.42, z: 0}
  m_LocalScale: {x: 1, y: 1, z: 1}
  m_Children: []
  m_Father: {fileID: 4452019793031612}
  m_RootOrder: 5
  m_LocalEulerAnglesHint: {x: 0, y: 0, z: 0}
--- !u!4 &4930529853164600
Transform:
  m_ObjectHideFlags: 1
  m_PrefabParentObject: {fileID: 0}
  m_PrefabInternal: {fileID: 100100000}
  m_GameObject: {fileID: 1888848634023160}
  m_LocalRotation: {x: -0, y: -0, z: -0, w: 1}
  m_LocalPosition: {x: -3.12, y: 7.42, z: 0}
  m_LocalScale: {x: 1, y: 1, z: 1}
  m_Children: []
  m_Father: {fileID: 4452019793031612}
  m_RootOrder: 10
  m_LocalEulerAnglesHint: {x: 0, y: 0, z: 0}
--- !u!114 &114130974571397904
MonoBehaviour:
  m_ObjectHideFlags: 1
  m_PrefabParentObject: {fileID: 0}
  m_PrefabInternal: {fileID: 100100000}
  m_GameObject: {fileID: 1121651715538386}
  m_Enabled: 1
  m_EditorHideFlags: 0
  m_Script: {fileID: 11500000, guid: fc7a5de42f2567642b9024df07f4b5dd, type: 3}
  m_Name: 
  m_EditorClassIdentifier: 
  StartTurnAsync: 0
  mTM: []
--- !u!114 &114198347331141380
MonoBehaviour:
  m_ObjectHideFlags: 1
  m_PrefabParentObject: {fileID: 0}
  m_PrefabInternal: {fileID: 100100000}
  m_GameObject: {fileID: 1796516274053256}
  m_Enabled: 1
  m_EditorHideFlags: 0
  m_Script: {fileID: 11500000, guid: 759cc6e4e9140f445b13d21f97c413f4, type: 3}
  m_Name: 
  m_EditorClassIdentifier: 
  path: {fileID: 114934967805681938, guid: e4746670c56a5a64d9c0e6357bc46d16, type: 2}
  timeToBegin: 4
  timeToEnd: -1
  timeToNextEnemy: 0
  totalEnemy: 1
  listMiniTurn:
  - enemyPrefab: {fileID: 1317804971551414, guid: b59667dfb0a8f334ab53b2614e99f9e4,
      type: 2}
    properties: []
    pointAndAction:
    - listAcitonName:
      - WarningHazzard
      type: Point = X
      x: 0
      actionName: WarningHazzard
    newSpeed: 2
    timePauseAction: 4
    newPath: {fileID: 114845254437007288, guid: 63e1e2d166cef3b4f9254bfb1fd9ab92,
      type: 2}
    posStartPathNew: {x: 0, y: 0, z: 0}
    syncAnimation: 0
    enemyStartByNumber: 0
    number: 0
    enemyStartByPosition: 1
    startPosition:
    - {x: 1, y: 0}
    - {x: 6, y: 0}
  changeDurationCamera:
    changeSpeedCamera: 0
    speedBG: 2
    speedDecor: 2.6
    timeChange: 3
--- !u!114 &114465948148312150
MonoBehaviour:
  m_ObjectHideFlags: 1
  m_PrefabParentObject: {fileID: 0}
  m_PrefabInternal: {fileID: 100100000}
  m_GameObject: {fileID: 1297012365939506}
  m_Enabled: 1
  m_EditorHideFlags: 0
  m_Script: {fileID: 11500000, guid: 759cc6e4e9140f445b13d21f97c413f4, type: 3}
  m_Name: 
  m_EditorClassIdentifier: 
  path: {fileID: 114934967805681938, guid: e4746670c56a5a64d9c0e6357bc46d16, type: 2}
  timeToBegin: 3.5
  timeToEnd: -1
  timeToNextEnemy: 0
  totalEnemy: 1
  listMiniTurn:
  - enemyPrefab: {fileID: 1317804971551414, guid: b59667dfb0a8f334ab53b2614e99f9e4,
      type: 2}
    properties: []
    pointAndAction:
    - listAcitonName:
      - WarningHazzard
      type: Point = X
      x: 0
      actionName: WarningHazzard
    newSpeed: 2
    timePauseAction: 4
    newPath: {fileID: 114845254437007288, guid: 63e1e2d166cef3b4f9254bfb1fd9ab92,
      type: 2}
    posStartPathNew: {x: 0, y: 0, z: 0}
    syncAnimation: 0
    enemyStartByNumber: 0
    number: 0
    enemyStartByPosition: 1
    startPosition:
    - {x: 0, y: 0}
  changeDurationCamera:
    changeSpeedCamera: 0
    speedBG: 2
    speedDecor: 2.6
    timeChange: 3
--- !u!114 &114482072516622424
MonoBehaviour:
  m_ObjectHideFlags: 1
  m_PrefabParentObject: {fileID: 0}
  m_PrefabInternal: {fileID: 100100000}
  m_GameObject: {fileID: 1888848634023160}
  m_Enabled: 1
  m_EditorHideFlags: 0
  m_Script: {fileID: 11500000, guid: 759cc6e4e9140f445b13d21f97c413f4, type: 3}
  m_Name: 
  m_EditorClassIdentifier: 
  path: {fileID: 114934967805681938, guid: e4746670c56a5a64d9c0e6357bc46d16, type: 2}
  timeToBegin: 8.3
  timeToEnd: -1
  timeToNextEnemy: 0
  totalEnemy: 1
  listMiniTurn:
  - enemyPrefab: {fileID: 1317804971551414, guid: b59667dfb0a8f334ab53b2614e99f9e4,
      type: 2}
    properties: []
    pointAndAction:
    - listAcitonName:
      - WarningHazzard
      type: Point = X
      x: 0
      actionName: WarningHazzard
    newSpeed: 2
    timePauseAction: 4
    newPath: {fileID: 114845254437007288, guid: 63e1e2d166cef3b4f9254bfb1fd9ab92,
      type: 2}
    posStartPathNew: {x: 0, y: 0, z: 0}
    syncAnimation: 0
    enemyStartByNumber: 0
    number: 0
    enemyStartByPosition: 1
    startPosition:
    - {x: 2, y: 0}
    - {x: 6, y: 0}
  changeDurationCamera:
    changeSpeedCamera: 0
    speedBG: 2
    speedDecor: 2.6
    timeChange: 3
--- !u!114 &114523168066754964
MonoBehaviour:
  m_ObjectHideFlags: 1
  m_PrefabParentObject: {fileID: 0}
  m_PrefabInternal: {fileID: 100100000}
  m_GameObject: {fileID: 1775843689646688}
  m_Enabled: 1
  m_EditorHideFlags: 0
  m_Script: {fileID: 11500000, guid: 759cc6e4e9140f445b13d21f97c413f4, type: 3}
  m_Name: 
  m_EditorClassIdentifier: 
  path: {fileID: 114934967805681938, guid: e4746670c56a5a64d9c0e6357bc46d16, type: 2}
  timeToBegin: 7.8
  timeToEnd: -1
  timeToNextEnemy: 0
  totalEnemy: 1
  listMiniTurn:
  - enemyPrefab: {fileID: 1317804971551414, guid: b59667dfb0a8f334ab53b2614e99f9e4,
      type: 2}
    properties: []
    pointAndAction:
    - listAcitonName:
      - WarningHazzard
      type: Point = X
      x: 0
      actionName: WarningHazzard
    newSpeed: 2
    timePauseAction: 4
    newPath: {fileID: 114845254437007288, guid: 63e1e2d166cef3b4f9254bfb1fd9ab92,
      type: 2}
    posStartPathNew: {x: 0, y: 0, z: 0}
    syncAnimation: 0
    enemyStartByNumber: 0
    number: 0
    enemyStartByPosition: 1
    startPosition:
    - {x: 3, y: 1.5}
    - {x: 5, y: 0}
  changeDurationCamera:
    changeSpeedCamera: 0
    speedBG: 2
    speedDecor: 2.6
    timeChange: 3
--- !u!114 &114592169892809784
MonoBehaviour:
  m_ObjectHideFlags: 1
  m_PrefabParentObject: {fileID: 0}
  m_PrefabInternal: {fileID: 100100000}
  m_GameObject: {fileID: 1094418940347012}
  m_Enabled: 1
  m_EditorHideFlags: 0
  m_Script: {fileID: 11500000, guid: 759cc6e4e9140f445b13d21f97c413f4, type: 3}
  m_Name: 
  m_EditorClassIdentifier: 
  path: {fileID: 114934967805681938, guid: e4746670c56a5a64d9c0e6357bc46d16, type: 2}
  timeToBegin: 5.5
  timeToEnd: -1
  timeToNextEnemy: 0
  totalEnemy: 1
  listMiniTurn:
  - enemyPrefab: {fileID: 1317804971551414, guid: b59667dfb0a8f334ab53b2614e99f9e4,
      type: 2}
    properties: []
    pointAndAction:
    - listAcitonName:
      - WarningHazzard
      type: Point = X
      x: 0
      actionName: WarningHazzard
    newSpeed: 2
    timePauseAction: 4
    newPath: {fileID: 114845254437007288, guid: 63e1e2d166cef3b4f9254bfb1fd9ab92,
      type: 2}
    posStartPathNew: {x: 0, y: 0, z: 0}
    syncAnimation: 0
    enemyStartByNumber: 0
    number: 0
    enemyStartByPosition: 1
    startPosition:
    - {x: 0, y: 0}
    - {x: 4, y: 0}
  changeDurationCamera:
    changeSpeedCamera: 0
    speedBG: 2
    speedDecor: 2.6
    timeChange: 3
--- !u!114 &114757904381710932
MonoBehaviour:
  m_ObjectHideFlags: 1
  m_PrefabParentObject: {fileID: 0}
  m_PrefabInternal: {fileID: 100100000}
  m_GameObject: {fileID: 1609608888971726}
  m_Enabled: 1
  m_EditorHideFlags: 0
  m_Script: {fileID: 11500000, guid: 759cc6e4e9140f445b13d21f97c413f4, type: 3}
  m_Name: 
  m_EditorClassIdentifier: 
  path: {fileID: 114934967805681938, guid: e4746670c56a5a64d9c0e6357bc46d16, type: 2}
  timeToBegin: 0
  timeToEnd: -1
  timeToNextEnemy: 0.7
  totalEnemy: 2
  listMiniTurn:
  - enemyPrefab: {fileID: 1317804971551414, guid: b59667dfb0a8f334ab53b2614e99f9e4,
      type: 2}
    properties: []
    pointAndAction:
    - listAcitonName:
      - WarningHazzard
      type: Started
      x: 0
      actionName: WarningHazzard
    newSpeed: 2
    timePauseAction: 4
    newPath: {fileID: 114845254437007288, guid: 63e1e2d166cef3b4f9254bfb1fd9ab92,
      type: 2}
    posStartPathNew: {x: 0, y: 0, z: 0}
    syncAnimation: 0
    enemyStartByNumber: 0
    number: 0
    enemyStartByPosition: 1
    startPosition:
    - {x: 0, y: 0}
    - {x: 1, y: 0}
  changeDurationCamera:
    changeSpeedCamera: 0
    speedBG: 2
    speedDecor: 2.6
    timeChange: 3
--- !u!114 &114788887620888682
MonoBehaviour:
  m_ObjectHideFlags: 1
  m_PrefabParentObject: {fileID: 0}
  m_PrefabInternal: {fileID: 100100000}
  m_GameObject: {fileID: 1888976779060060}
  m_Enabled: 1
  m_EditorHideFlags: 0
  m_Script: {fileID: 11500000, guid: 759cc6e4e9140f445b13d21f97c413f4, type: 3}
  m_Name: 
  m_EditorClassIdentifier: 
  path: {fileID: 114934967805681938, guid: e4746670c56a5a64d9c0e6357bc46d16, type: 2}
  timeToBegin: 4.5
  timeToEnd: -1
  timeToNextEnemy: 0
  totalEnemy: 1
  listMiniTurn:
  - enemyPrefab: {fileID: 1317804971551414, guid: b59667dfb0a8f334ab53b2614e99f9e4,
      type: 2}
    properties: []
    pointAndAction:
    - listAcitonName:
      - WarningHazzard
      type: Point = X
      x: 0
      actionName: WarningHazzard
    newSpeed: 2
    timePauseAction: 4
    newPath: {fileID: 114845254437007288, guid: 63e1e2d166cef3b4f9254bfb1fd9ab92,
      type: 2}
    posStartPathNew: {x: 0, y: 0, z: 0}
    syncAnimation: 0
    enemyStartByNumber: 0
    number: 0
    enemyStartByPosition: 1
    startPosition:
    - {x: 2, y: 0}
    - {x: 5, y: 0}
  changeDurationCamera:
    changeSpeedCamera: 0
    speedBG: 2
    speedDecor: 2.6
    timeChange: 3
--- !u!114 &114814295862457376
MonoBehaviour:
  m_ObjectHideFlags: 1
  m_PrefabParentObject: {fileID: 0}
  m_PrefabInternal: {fileID: 100100000}
  m_GameObject: {fileID: 1132753090963006}
  m_Enabled: 1
  m_EditorHideFlags: 0
  m_Script: {fileID: 11500000, guid: 759cc6e4e9140f445b13d21f97c413f4, type: 3}
  m_Name: 
  m_EditorClassIdentifier: 
  path: {fileID: 114934967805681938, guid: e4746670c56a5a64d9c0e6357bc46d16, type: 2}
  timeToBegin: 1.8
  timeToEnd: -1
  timeToNextEnemy: 0
  totalEnemy: 1
  listMiniTurn:
  - enemyPrefab: {fileID: 1317804971551414, guid: b59667dfb0a8f334ab53b2614e99f9e4,
      type: 2}
    properties: []
    pointAndAction:
    - listAcitonName:
      - WarningHazzard
      type: Point = X
      x: 0
      actionName: WarningHazzard
    newSpeed: 2
    timePauseAction: 4
    newPath: {fileID: 114845254437007288, guid: 63e1e2d166cef3b4f9254bfb1fd9ab92,
      type: 2}
    posStartPathNew: {x: 0, y: 0, z: 0}
    syncAnimation: 0
    enemyStartByNumber: 0
    number: 0
    enemyStartByPosition: 1
    startPosition:
    - {x: 2, y: 0}
    - {x: 6, y: 0}
  changeDurationCamera:
    changeSpeedCamera: 0
    speedBG: 2
    speedDecor: 2.6
    timeChange: 3
--- !u!114 &114919755454744724
MonoBehaviour:
  m_ObjectHideFlags: 1
  m_PrefabParentObject: {fileID: 0}
  m_PrefabInternal: {fileID: 100100000}
  m_GameObject: {fileID: 1046399696256532}
  m_Enabled: 1
  m_EditorHideFlags: 0
  m_Script: {fileID: 11500000, guid: 759cc6e4e9140f445b13d21f97c413f4, type: 3}
  m_Name: 
  m_EditorClassIdentifier: 
  path: {fileID: 114934967805681938, guid: e4746670c56a5a64d9c0e6357bc46d16, type: 2}
  timeToBegin: 2.5
  timeToEnd: -1
  timeToNextEnemy: 0
  totalEnemy: 1
  listMiniTurn:
  - enemyPrefab: {fileID: 1317804971551414, guid: b59667dfb0a8f334ab53b2614e99f9e4,
      type: 2}
    properties: []
    pointAndAction:
    - listAcitonName:
      - WarningHazzard
      type: Point = X
      x: 0
      actionName: WarningHazzard
    newSpeed: 2
    timePauseAction: 4
    newPath: {fileID: 114845254437007288, guid: 63e1e2d166cef3b4f9254bfb1fd9ab92,
      type: 2}
    posStartPathNew: {x: 0, y: 0, z: 0}
    syncAnimation: 0
    enemyStartByNumber: 0
    number: 0
    enemyStartByPosition: 1
    startPosition:
    - {x: 3, y: 0}
    - {x: 7, y: 0}
  changeDurationCamera:
    changeSpeedCamera: 0
    speedBG: 2
    speedDecor: 2.6
    timeChange: 3
--- !u!114 &114921096471632914
MonoBehaviour:
  m_ObjectHideFlags: 1
  m_PrefabParentObject: {fileID: 0}
  m_PrefabInternal: {fileID: 100100000}
  m_GameObject: {fileID: 1960327809859828}
  m_Enabled: 1
  m_EditorHideFlags: 0
  m_Script: {fileID: 11500000, guid: 759cc6e4e9140f445b13d21f97c413f4, type: 3}
  m_Name: 
  m_EditorClassIdentifier: 
  path: {fileID: 114934967805681938, guid: e4746670c56a5a64d9c0e6357bc46d16, type: 2}
  timeToBegin: 6.7
  timeToEnd: -1
  timeToNextEnemy: 0
  totalEnemy: 1
  listMiniTurn:
  - enemyPrefab: {fileID: 1317804971551414, guid: b59667dfb0a8f334ab53b2614e99f9e4,
      type: 2}
    properties: []
    pointAndAction:
    - listAcitonName:
      - WarningHazzard
      type: Point = X
      x: 0
      actionName: WarningHazzard
    newSpeed: 2
    timePauseAction: 4
    newPath: {fileID: 114845254437007288, guid: 63e1e2d166cef3b4f9254bfb1fd9ab92,
      type: 2}
    posStartPathNew: {x: 0, y: 0, z: 0}
    syncAnimation: 0
    enemyStartByNumber: 0
    number: 0
    enemyStartByPosition: 1
    startPosition:
    - {x: 1, y: 0}
    - {x: 2, y: 0}
    - {x: 6, y: 0}
  changeDurationCamera:
    changeSpeedCamera: 0
    speedBG: 2
    speedDecor: 2.6
    timeChange: 3
--- !u!114 &114956293597246820
MonoBehaviour:
  m_ObjectHideFlags: 1
  m_PrefabParentObject: {fileID: 0}
  m_PrefabInternal: {fileID: 100100000}
  m_GameObject: {fileID: 1554763257081242}
  m_Enabled: 1
  m_EditorHideFlags: 0
  m_Script: {fileID: 11500000, guid: 759cc6e4e9140f445b13d21f97c413f4, type: 3}
  m_Name: 
  m_EditorClassIdentifier: 
  path: {fileID: 114934967805681938, guid: e4746670c56a5a64d9c0e6357bc46d16, type: 2}
  timeToBegin: 0.5
  timeToEnd: -1
  timeToNextEnemy: 0
  totalEnemy: 1
  listMiniTurn:
  - enemyPrefab: {fileID: 1317804971551414, guid: b59667dfb0a8f334ab53b2614e99f9e4,
      type: 2}
    properties: []
    pointAndAction:
    - listAcitonName:
      - WarningHazzard
      type: Point = X
      x: 0
      actionName: WarningHazzard
    newSpeed: 2
    timePauseAction: 4
    newPath: {fileID: 114845254437007288, guid: 63e1e2d166cef3b4f9254bfb1fd9ab92,
      type: 2}
    posStartPathNew: {x: 0, y: 0, z: 0}
    syncAnimation: 0
    enemyStartByNumber: 0
    number: 0
    enemyStartByPosition: 1
    startPosition:
    - {x: 0, y: 0}
    - {x: 6, y: 0}
  changeDurationCamera:
    changeSpeedCamera: 0
    speedBG: 2
    speedDecor: 2.6
    timeChange: 3
