%YAML 1.1
%TAG !u! tag:unity3d.com,2011:
--- !u!1001 &100100000
Prefab:
  m_ObjectHideFlags: 1
  serializedVersion: 2
  m_Modification:
    m_TransformParent: {fileID: 0}
    m_Modifications: []
    m_RemovedComponents: []
  m_ParentPrefab: {fileID: 0}
  m_RootGameObject: {fileID: 1181761005922792}
  m_IsPrefabParent: 1
--- !u!1 &1114176172901718
GameObject:
  m_ObjectHideFlags: 0
  m_PrefabParentObject: {fileID: 0}
  m_PrefabInternal: {fileID: 100100000}
  serializedVersion: 5
  m_Component:
  - component: {fileID: 4696188817806864}
  - component: {fileID: 114436231742454544}
  m_Layer: 0
  m_Name: turn (3)
  m_TagString: Untagged
  m_Icon: {fileID: 0}
  m_NavMeshLayer: 0
  m_StaticEditorFlags: 0
  m_IsActive: 0
--- !u!1 &1181761005922792
GameObject:
  m_ObjectHideFlags: 0
  m_PrefabParentObject: {fileID: 0}
  m_PrefabInternal: {fileID: 100100000}
  serializedVersion: 5
  m_Component:
  - component: {fileID: 4965141640089102}
  - component: {fileID: 114923105114483478}
  m_Layer: 0
  m_Name: Lv21_BOSS
  m_TagString: Untagged
  m_Icon: {fileID: 0}
  m_NavMeshLayer: 0
  m_StaticEditorFlags: 0
  m_IsActive: 1
--- !u!1 &1843274911487294
GameObject:
  m_ObjectHideFlags: 0
  m_PrefabParentObject: {fileID: 0}
  m_PrefabInternal: {fileID: 100100000}
  serializedVersion: 5
  m_Component:
  - component: {fileID: 4643354884094248}
  - component: {fileID: 114526523685231236}
  m_Layer: 0
  m_Name: turn boss
  m_TagString: Untagged
  m_Icon: {fileID: 0}
  m_NavMeshLayer: 0
  m_StaticEditorFlags: 0
  m_IsActive: 1
--- !u!4 &4643354884094248
Transform:
  m_ObjectHideFlags: 1
  m_PrefabParentObject: {fileID: 0}
  m_PrefabInternal: {fileID: 100100000}
  m_GameObject: {fileID: 1843274911487294}
  m_LocalRotation: {x: -0, y: -0, z: -0, w: 1}
  m_LocalPosition: {x: 0.48, y: 10.25, z: 0}
  m_LocalScale: {x: 1, y: 1, z: 1}
  m_Children: []
  m_Father: {fileID: 4965141640089102}
  m_RootOrder: 0
  m_LocalEulerAnglesHint: {x: 0, y: 0, z: 0}
--- !u!4 &4696188817806864
Transform:
  m_ObjectHideFlags: 1
  m_PrefabParentObject: {fileID: 0}
  m_PrefabInternal: {fileID: 100100000}
  m_GameObject: {fileID: 1114176172901718}
  m_LocalRotation: {x: -0, y: -0, z: -0, w: 1}
  m_LocalPosition: {x: -5.46, y: 7.15, z: 0}
  m_LocalScale: {x: 1, y: 1, z: 1}
  m_Children: []
  m_Father: {fileID: 4965141640089102}
  m_RootOrder: 1
  m_LocalEulerAnglesHint: {x: 0, y: 0, z: 0}
--- !u!4 &4965141640089102
Transform:
  m_ObjectHideFlags: 1
  m_PrefabParentObject: {fileID: 0}
  m_PrefabInternal: {fileID: 100100000}
  m_GameObject: {fileID: 1181761005922792}
  m_LocalRotation: {x: -0, y: -0, z: -0, w: 1}
  m_LocalPosition: {x: 0, y: 0, z: 0}
  m_LocalScale: {x: 1, y: 1, z: 1}
  m_Children:
  - {fileID: 4643354884094248}
  - {fileID: 4696188817806864}
  m_Father: {fileID: 0}
  m_RootOrder: 0
  m_LocalEulerAnglesHint: {x: 0, y: 0, z: 0}
--- !u!114 &114436231742454544
MonoBehaviour:
  m_ObjectHideFlags: 1
  m_PrefabParentObject: {fileID: 0}
  m_PrefabInternal: {fileID: 100100000}
  m_GameObject: {fileID: 1114176172901718}
  m_Enabled: 1
  m_EditorHideFlags: 0
  m_Script: {fileID: 11500000, guid: 5880086f584b4c445b6e8d0d3f58886d, type: 3}
  m_Name: 
  m_EditorClassIdentifier: 
  path: {fileID: 114607282650487730, guid: 8c1767bda8e885749b715650dc77523e, type: 2}
  timeToBegin: 0
  timeToEnd: -1
  timeToNextEnemy: 1
  totalEnemy: 0
  listMiniTurn:
  - enemyPrefab: {fileID: 1387911131885576, guid: d4490ad9f9219e04087cc657a73abf42,
      type: 2}
    properties: []
    pointAndAction:
    - listAcitonName:
      - PauseAndShootLoop
      - DropItem
      type: Dead by player
      x: 2
      actionName: DropItem
    - listAcitonName:
      - PauseAndShootLoop
      - DropItem
      type: After X Millisecond
      x: 3111
      actionName: PauseAndShootLoop
    number: 1
--- !u!114 &114526523685231236
MonoBehaviour:
  m_ObjectHideFlags: 1
  m_PrefabParentObject: {fileID: 0}
  m_PrefabInternal: {fileID: 100100000}
  m_GameObject: {fileID: 1843274911487294}
  m_Enabled: 1
  m_EditorHideFlags: 0
  m_Script: {fileID: 11500000, guid: 759cc6e4e9140f445b13d21f97c413f4, type: 3}
  m_Name: 
  m_EditorClassIdentifier: 
  path: {fileID: 114903438141535286, guid: e8a15d937cd20904e981af9e77e517d7, type: 2}
  timeToBegin: 0
  timeToEnd: -1
  timeToNextEnemy: 1
  totalEnemy: 0
  listMiniTurn:
  - enemyPrefab: {fileID: 1366394970504538, guid: 27f18482ab61ec149a2d00860d2973d8,
      type: 2}
    properties: []
    pointAndAction:
    - listAcitonName:
      - SetNextPath
      - WarningBoss
      - DropItem
      - ShootMainWeaponCenter
      - ShootMainWeaponLeftRight
      - GunFollowPlayer
      type: Started
      x: 0
      actionName: WarningBoss
    - listAcitonName:
      - SetNextPath
      - WarningBoss
      - DropItem
      - ShootMainWeaponCenter
      - ShootMainWeaponLeftRight
      - GunFollowPlayer
      type: Dead by player
      x: 6
      actionName: DropItem
    - listAcitonName:
      - SetNextPath
      - WarningBoss
      - DropItem
      - ShootMainWeaponCenter
      - ShootMainWeaponLeftRight
      - GunFollowPlayer
      type: After X Millisecond
      x: 1000
      actionName: GunFollowPlayer
    - listAcitonName:
      - SetNextPath
      - WarningBoss
      - DropItem
      - ShootMainWeaponCenter
      - ShootMainWeaponLeftRight
      - GunFollowPlayer
      type: Point = X
      x: 6
      actionName: SetNextPath
    - listAcitonName:
      - SetNextPath
      - WarningBoss
      - DropItem
      - ShootMainWeaponCenter
      - ShootMainWeaponLeftRight
      - GunFollowPlayer
      type: After X Millisecond
      x: 7000
      actionName: ShootMainWeaponLeftRight
    - listAcitonName:
      - SetNextPath
      - WarningBoss
      - DropItem
      - ShootMainWeaponCenter
      - ShootMainWeaponLeftRight
      - GunFollowPlayer
      type: After X Millisecond
      x: 14000
      actionName: ShootMainWeaponCenter
    newSpeed: 2
    timePauseAction: 3
    newPath: {fileID: 0}
    posStartPathNew: {x: 0, y: 0, z: 0}
    syncAnimation: 0
    enemyStartByNumber: 1
    number: 1
    enemyStartByPosition: 0
    startPosition: []
  changeDurationCamera:
    changeSpeedCamera: 0
    speedBG: 2
    speedDecor: 2.6
    timeChange: 3
--- !u!114 &114923105114483478
MonoBehaviour:
  m_ObjectHideFlags: 1
  m_PrefabParentObject: {fileID: 0}
  m_PrefabInternal: {fileID: 100100000}
  m_GameObject: {fileID: 1181761005922792}
  m_Enabled: 1
  m_EditorHideFlags: 0
  m_Script: {fileID: 11500000, guid: fc7a5de42f2567642b9024df07f4b5dd, type: 3}
  m_Name: 
  m_EditorClassIdentifier: 
  StartTurnAsync: 0
  mTM: []
