%YAML 1.1
%TAG !u! tag:unity3d.com,2011:
--- !u!1001 &100100000
Prefab:
  m_ObjectHideFlags: 1
  serializedVersion: 2
  m_Modification:
    m_TransformParent: {fileID: 0}
    m_Modifications: []
    m_RemovedComponents: []
  m_ParentPrefab: {fileID: 0}
  m_RootGameObject: {fileID: 1663381576761228}
  m_IsPrefabParent: 1
--- !u!1 &1473536368278114
GameObject:
  m_ObjectHideFlags: 0
  m_PrefabParentObject: {fileID: 0}
  m_PrefabInternal: {fileID: 100100000}
  serializedVersion: 5
  m_Component:
  - component: {fileID: 4285508914734734}
  - component: {fileID: 114061585653386138}
  m_Layer: 0
  m_Name: Ech
  m_TagString: Untagged
  m_Icon: {fileID: 0}
  m_NavMeshLayer: 0
  m_StaticEditorFlags: 0
  m_IsActive: 1
--- !u!1 &1663381576761228
GameObject:
  m_ObjectHideFlags: 0
  m_PrefabParentObject: {fileID: 0}
  m_PrefabInternal: {fileID: 100100000}
  serializedVersion: 5
  m_Component:
  - component: {fileID: 4736985699844992}
  - component: {fileID: 114353187278375076}
  m_Layer: 0
  m_Name: Lv30_7
  m_TagString: Untagged
  m_Icon: {fileID: 0}
  m_NavMeshLayer: 0
  m_StaticEditorFlags: 0
  m_IsActive: 1
--- !u!1 &1684863637112746
GameObject:
  m_ObjectHideFlags: 0
  m_PrefabParentObject: {fileID: 0}
  m_PrefabInternal: {fileID: 100100000}
  serializedVersion: 5
  m_Component:
  - component: {fileID: 4678780121272918}
  - component: {fileID: 114719800863051512}
  m_Layer: 0
  m_Name: BOSUNGMAYTRACE
  m_TagString: Untagged
  m_Icon: {fileID: 0}
  m_NavMeshLayer: 0
  m_StaticEditorFlags: 0
  m_IsActive: 1
--- !u!1 &1915585418001468
GameObject:
  m_ObjectHideFlags: 0
  m_PrefabParentObject: {fileID: 0}
  m_PrefabInternal: {fileID: 100100000}
  serializedVersion: 5
  m_Component:
  - component: {fileID: 4785608313915634}
  - component: {fileID: 114066947232263052}
  m_Layer: 0
  m_Name: BOSUNGMAY
  m_TagString: Untagged
  m_Icon: {fileID: 0}
  m_NavMeshLayer: 0
  m_StaticEditorFlags: 0
  m_IsActive: 1
--- !u!4 &4285508914734734
Transform:
  m_ObjectHideFlags: 1
  m_PrefabParentObject: {fileID: 0}
  m_PrefabInternal: {fileID: 100100000}
  m_GameObject: {fileID: 1473536368278114}
  m_LocalRotation: {x: -0, y: -0, z: -0, w: 1}
  m_LocalPosition: {x: -2.31, y: 9.02, z: 0}
  m_LocalScale: {x: 1, y: 1, z: 1}
  m_Children: []
  m_Father: {fileID: 4736985699844992}
  m_RootOrder: 0
  m_LocalEulerAnglesHint: {x: 0, y: 0, z: 0}
--- !u!4 &4678780121272918
Transform:
  m_ObjectHideFlags: 1
  m_PrefabParentObject: {fileID: 0}
  m_PrefabInternal: {fileID: 100100000}
  m_GameObject: {fileID: 1684863637112746}
  m_LocalRotation: {x: -0, y: -0, z: -0, w: 1}
  m_LocalPosition: {x: 1.06, y: 9.02, z: 0}
  m_LocalScale: {x: 1, y: 1, z: 1}
  m_Children: []
  m_Father: {fileID: 4736985699844992}
  m_RootOrder: 2
  m_LocalEulerAnglesHint: {x: 0, y: 0, z: 0}
--- !u!4 &4736985699844992
Transform:
  m_ObjectHideFlags: 1
  m_PrefabParentObject: {fileID: 0}
  m_PrefabInternal: {fileID: 100100000}
  m_GameObject: {fileID: 1663381576761228}
  m_LocalRotation: {x: -0, y: -0, z: -0, w: 1}
  m_LocalPosition: {x: 0, y: 0, z: 0}
  m_LocalScale: {x: 1, y: 1, z: 1}
  m_Children:
  - {fileID: 4285508914734734}
  - {fileID: 4785608313915634}
  - {fileID: 4678780121272918}
  m_Father: {fileID: 0}
  m_RootOrder: 0
  m_LocalEulerAnglesHint: {x: 0, y: 0, z: 0}
--- !u!4 &4785608313915634
Transform:
  m_ObjectHideFlags: 1
  m_PrefabParentObject: {fileID: 0}
  m_PrefabInternal: {fileID: 100100000}
  m_GameObject: {fileID: 1915585418001468}
  m_LocalRotation: {x: -0, y: -0, z: -0, w: 1}
  m_LocalPosition: {x: -0.94, y: 9.02, z: 0}
  m_LocalScale: {x: 1, y: 1, z: 1}
  m_Children: []
  m_Father: {fileID: 4736985699844992}
  m_RootOrder: 1
  m_LocalEulerAnglesHint: {x: 0, y: 0, z: 0}
--- !u!114 &114061585653386138
MonoBehaviour:
  m_ObjectHideFlags: 1
  m_PrefabParentObject: {fileID: 0}
  m_PrefabInternal: {fileID: 100100000}
  m_GameObject: {fileID: 1473536368278114}
  m_Enabled: 1
  m_EditorHideFlags: 0
  m_Script: {fileID: 11500000, guid: 759cc6e4e9140f445b13d21f97c413f4, type: 3}
  m_Name: 
  m_EditorClassIdentifier: 
  path: {fileID: 114934967805681938, guid: e4746670c56a5a64d9c0e6357bc46d16, type: 2}
  timeToBegin: 0
  timeToEnd: -1
  timeToNextEnemy: 0
  totalEnemy: 2
  listMiniTurn:
  - enemyPrefab: {fileID: 1966852449433546, guid: 723068d3b18e59a4e82a922eeffadc7a,
      type: 2}
    properties: []
    pointAndAction:
    - listAcitonName:
      - PauseAndShootLoop
      - DropItem
      - ChangeSpeed
      - ChangeToPathLoop
      type: Dead by player
      x: 0
      actionName: DropItem
    - listAcitonName:
      - PauseAndShootLoop
      - DropItem
      - ChangeSpeed
      - ChangeToPathLoop
      type: Point = X
      x: 1
      actionName: ChangeSpeed
    - listAcitonName:
      - PauseAndShootLoop
      - DropItem
      - ChangeSpeed
      - ChangeToPathLoop
      type: Point = X
      x: 1
      actionName: ChangeToPathLoop
    - listAcitonName:
      - PauseAndShootLoop
      - DropItem
      - ChangeSpeed
      - ChangeToPathLoop
      type: Point = X
      x: 1
      actionName: PauseAndShootLoop
    newSpeed: 1
    timePauseAction: 4
    newPath: {fileID: 114883555105068510, guid: 7e0efecaa310e6a4ba776b688f96e19d,
      type: 2}
    posStartPathNew: {x: -1, y: 4, z: 0}
    syncAnimation: 0
    enemyStartByNumber: 1
    number: 0
    enemyStartByPosition: 0
    startPosition: []
  changeDurationCamera:
    changeSpeedCamera: 0
    speedBG: 2
    speedDecor: 2.6
    timeChange: 3
--- !u!114 &114066947232263052
MonoBehaviour:
  m_ObjectHideFlags: 1
  m_PrefabParentObject: {fileID: 0}
  m_PrefabInternal: {fileID: 100100000}
  m_GameObject: {fileID: 1915585418001468}
  m_Enabled: 1
  m_EditorHideFlags: 0
  m_Script: {fileID: 11500000, guid: 759cc6e4e9140f445b13d21f97c413f4, type: 3}
  m_Name: 
  m_EditorClassIdentifier: 
  path: {fileID: 114934967805681938, guid: e4746670c56a5a64d9c0e6357bc46d16, type: 2}
  timeToBegin: 7
  timeToEnd: -1
  timeToNextEnemy: 0
  totalEnemy: 2
  listMiniTurn:
  - enemyPrefab: {fileID: 1791474365716472, guid: f08d5e057f30d39409e0305b901fd192,
      type: 2}
    properties: []
    pointAndAction:
    - listAcitonName:
      - PauseAndShootLoop
      - DropItem
      - ChangeSpeed
      - ChangeToPathLoop
      type: Dead by player
      x: 0
      actionName: DropItem
    - listAcitonName:
      - PauseAndShootLoop
      - DropItem
      - ChangeSpeed
      - ChangeToPathLoop
      type: Point = X
      x: 1
      actionName: ChangeSpeed
    - listAcitonName:
      - PauseAndShootLoop
      - DropItem
      - ChangeSpeed
      - ChangeToPathLoop
      type: Point = X
      x: 1
      actionName: ChangeToPathLoop
    - listAcitonName:
      - PauseAndShootLoop
      - DropItem
      - ChangeSpeed
      - ChangeToPathLoop
      type: Point = X
      x: 1
      actionName: PauseAndShootLoop
    newSpeed: 2
    timePauseAction: 4
    newPath: {fileID: 114883555105068510, guid: 7e0efecaa310e6a4ba776b688f96e19d,
      type: 2}
    posStartPathNew: {x: 1, y: 5, z: 0}
    syncAnimation: 0
    enemyStartByNumber: 1
    number: 0
    enemyStartByPosition: 0
    startPosition: []
  changeDurationCamera:
    changeSpeedCamera: 0
    speedBG: 2
    speedDecor: 2.6
    timeChange: 3
--- !u!114 &114353187278375076
MonoBehaviour:
  m_ObjectHideFlags: 1
  m_PrefabParentObject: {fileID: 0}
  m_PrefabInternal: {fileID: 100100000}
  m_GameObject: {fileID: 1663381576761228}
  m_Enabled: 1
  m_EditorHideFlags: 0
  m_Script: {fileID: 11500000, guid: fc7a5de42f2567642b9024df07f4b5dd, type: 3}
  m_Name: 
  m_EditorClassIdentifier: 
  StartTurnAsync: 0
  mTM: []
--- !u!114 &114719800863051512
MonoBehaviour:
  m_ObjectHideFlags: 1
  m_PrefabParentObject: {fileID: 0}
  m_PrefabInternal: {fileID: 100100000}
  m_GameObject: {fileID: 1684863637112746}
  m_Enabled: 1
  m_EditorHideFlags: 0
  m_Script: {fileID: 11500000, guid: 759cc6e4e9140f445b13d21f97c413f4, type: 3}
  m_Name: 
  m_EditorClassIdentifier: 
  path: {fileID: 114934967805681938, guid: e4746670c56a5a64d9c0e6357bc46d16, type: 2}
  timeToBegin: 12
  timeToEnd: -1
  timeToNextEnemy: 0
  totalEnemy: 2
  listMiniTurn:
  - enemyPrefab: {fileID: 1910970333116606, guid: e20c299e4832df24e853f379d9fc5540,
      type: 2}
    properties: []
    pointAndAction:
    - listAcitonName:
      - PauseAndShootLoop
      - DropItem
      - ChangeSpeed
      - ChangeToPathLoop
      type: Dead by player
      x: 0
      actionName: DropItem
    - listAcitonName:
      - PauseAndShootLoop
      - DropItem
      - ChangeSpeed
      - ChangeToPathLoop
      type: Point = X
      x: 1
      actionName: ChangeSpeed
    - listAcitonName:
      - PauseAndShootLoop
      - DropItem
      - ChangeSpeed
      - ChangeToPathLoop
      type: Point = X
      x: 1
      actionName: ChangeToPathLoop
    - listAcitonName:
      - PauseAndShootLoop
      - DropItem
      - ChangeSpeed
      - ChangeToPathLoop
      type: Point = X
      x: 1
      actionName: PauseAndShootLoop
    newSpeed: 2
    timePauseAction: 4
    newPath: {fileID: 114883555105068510, guid: 7e0efecaa310e6a4ba776b688f96e19d,
      type: 2}
    posStartPathNew: {x: 1, y: 5, z: 0}
    syncAnimation: 0
    enemyStartByNumber: 1
    number: 0
    enemyStartByPosition: 0
    startPosition: []
  changeDurationCamera:
    changeSpeedCamera: 0
    speedBG: 2
    speedDecor: 2.6
    timeChange: 3
