%YAML 1.1
%TAG !u! tag:unity3d.com,2011:
--- !u!1001 &100100000
Prefab:
  m_ObjectHideFlags: 1
  serializedVersion: 2
  m_Modification:
    m_TransformParent: {fileID: 0}
    m_Modifications: []
    m_RemovedComponents: []
  m_ParentPrefab: {fileID: 0}
  m_RootGameObject: {fileID: 1297356941996220}
  m_IsPrefabParent: 1
--- !u!1 &1062679789057060
GameObject:
  m_ObjectHideFlags: 0
  m_PrefabParentObject: {fileID: 0}
  m_PrefabInternal: {fileID: 100100000}
  serializedVersion: 5
  m_Component:
  - component: {fileID: 4856223359176868}
  - component: {fileID: 114880341416108640}
  m_Layer: 0
  m_Name: 'Nhang 6 '
  m_TagString: Untagged
  m_Icon: {fileID: 0}
  m_NavMeshLayer: 0
  m_StaticEditorFlags: 0
  m_IsActive: 1
--- !u!1 &1082931971229234
GameObject:
  m_ObjectHideFlags: 0
  m_PrefabParentObject: {fileID: 0}
  m_PrefabInternal: {fileID: 100100000}
  serializedVersion: 5
  m_Component:
  - component: {fileID: 4529820757752870}
  - component: {fileID: 114690242564745856}
  m_Layer: 0
  m_Name: 'Nhang 6 '
  m_TagString: Untagged
  m_Icon: {fileID: 0}
  m_NavMeshLayer: 0
  m_StaticEditorFlags: 0
  m_IsActive: 1
--- !u!1 &1095447475347942
GameObject:
  m_ObjectHideFlags: 0
  m_PrefabParentObject: {fileID: 0}
  m_PrefabInternal: {fileID: 100100000}
  serializedVersion: 5
  m_Component:
  - component: {fileID: 4743551474035638}
  - component: {fileID: 114437529883868532}
  m_Layer: 0
  m_Name: 'Nhang 6 '
  m_TagString: Untagged
  m_Icon: {fileID: 0}
  m_NavMeshLayer: 0
  m_StaticEditorFlags: 0
  m_IsActive: 1
--- !u!1 &1161551264159964
GameObject:
  m_ObjectHideFlags: 0
  m_PrefabParentObject: {fileID: 0}
  m_PrefabInternal: {fileID: 100100000}
  serializedVersion: 5
  m_Component:
  - component: {fileID: 4998094309884432}
  - component: {fileID: 114286098934729352}
  m_Layer: 0
  m_Name: 'Nhang 6 '
  m_TagString: Untagged
  m_Icon: {fileID: 0}
  m_NavMeshLayer: 0
  m_StaticEditorFlags: 0
  m_IsActive: 1
--- !u!1 &1297356941996220
GameObject:
  m_ObjectHideFlags: 0
  m_PrefabParentObject: {fileID: 0}
  m_PrefabInternal: {fileID: 100100000}
  serializedVersion: 5
  m_Component:
  - component: {fileID: 4361146910775660}
  - component: {fileID: 114172889765036506}
  m_Layer: 0
  m_Name: Lv76_5
  m_TagString: Untagged
  m_Icon: {fileID: 0}
  m_NavMeshLayer: 0
  m_StaticEditorFlags: 0
  m_IsActive: 1
--- !u!1 &1317315192401192
GameObject:
  m_ObjectHideFlags: 0
  m_PrefabParentObject: {fileID: 0}
  m_PrefabInternal: {fileID: 100100000}
  serializedVersion: 5
  m_Component:
  - component: {fileID: 4403198845217224}
  - component: {fileID: 114981943391976968}
  m_Layer: 0
  m_Name: Nhang 6
  m_TagString: Untagged
  m_Icon: {fileID: 0}
  m_NavMeshLayer: 0
  m_StaticEditorFlags: 0
  m_IsActive: 1
--- !u!1 &1319314206304344
GameObject:
  m_ObjectHideFlags: 0
  m_PrefabParentObject: {fileID: 0}
  m_PrefabInternal: {fileID: 100100000}
  serializedVersion: 5
  m_Component:
  - component: {fileID: 4098648862357062}
  - component: {fileID: 114099622963680108}
  m_Layer: 0
  m_Name: 'Nhang 6 '
  m_TagString: Untagged
  m_Icon: {fileID: 0}
  m_NavMeshLayer: 0
  m_StaticEditorFlags: 0
  m_IsActive: 1
--- !u!1 &1595395088051744
GameObject:
  m_ObjectHideFlags: 0
  m_PrefabParentObject: {fileID: 0}
  m_PrefabInternal: {fileID: 100100000}
  serializedVersion: 5
  m_Component:
  - component: {fileID: 4175339072925992}
  - component: {fileID: 114384040585056672}
  m_Layer: 0
  m_Name: Nhang 1
  m_TagString: Untagged
  m_Icon: {fileID: 0}
  m_NavMeshLayer: 0
  m_StaticEditorFlags: 0
  m_IsActive: 1
--- !u!1 &1904184979615904
GameObject:
  m_ObjectHideFlags: 0
  m_PrefabParentObject: {fileID: 0}
  m_PrefabInternal: {fileID: 100100000}
  serializedVersion: 5
  m_Component:
  - component: {fileID: 4030219823433034}
  - component: {fileID: 114231323333662118}
  m_Layer: 0
  m_Name: Nhang 1
  m_TagString: Untagged
  m_Icon: {fileID: 0}
  m_NavMeshLayer: 0
  m_StaticEditorFlags: 0
  m_IsActive: 1
--- !u!1 &1904942234839690
GameObject:
  m_ObjectHideFlags: 0
  m_PrefabParentObject: {fileID: 0}
  m_PrefabInternal: {fileID: 100100000}
  serializedVersion: 5
  m_Component:
  - component: {fileID: 4191493244874838}
  - component: {fileID: 114259383108304074}
  m_Layer: 0
  m_Name: 'Nhang 6 '
  m_TagString: Untagged
  m_Icon: {fileID: 0}
  m_NavMeshLayer: 0
  m_StaticEditorFlags: 0
  m_IsActive: 1
--- !u!1 &1961807307936282
GameObject:
  m_ObjectHideFlags: 0
  m_PrefabParentObject: {fileID: 0}
  m_PrefabInternal: {fileID: 100100000}
  serializedVersion: 5
  m_Component:
  - component: {fileID: 4397289393719184}
  - component: {fileID: 114342102077312504}
  m_Layer: 0
  m_Name: 'Nhang 6 '
  m_TagString: Untagged
  m_Icon: {fileID: 0}
  m_NavMeshLayer: 0
  m_StaticEditorFlags: 0
  m_IsActive: 1
--- !u!1 &1964752063990392
GameObject:
  m_ObjectHideFlags: 0
  m_PrefabParentObject: {fileID: 0}
  m_PrefabInternal: {fileID: 100100000}
  serializedVersion: 5
  m_Component:
  - component: {fileID: 4899064142874966}
  - component: {fileID: 114188102879769022}
  m_Layer: 0
  m_Name: 'Nhang 6 '
  m_TagString: Untagged
  m_Icon: {fileID: 0}
  m_NavMeshLayer: 0
  m_StaticEditorFlags: 0
  m_IsActive: 1
--- !u!1 &1982946951651918
GameObject:
  m_ObjectHideFlags: 0
  m_PrefabParentObject: {fileID: 0}
  m_PrefabInternal: {fileID: 100100000}
  serializedVersion: 5
  m_Component:
  - component: {fileID: 4642442634911954}
  - component: {fileID: 114417066188082562}
  m_Layer: 0
  m_Name: 'Nhang 6 '
  m_TagString: Untagged
  m_Icon: {fileID: 0}
  m_NavMeshLayer: 0
  m_StaticEditorFlags: 0
  m_IsActive: 1
--- !u!4 &4030219823433034
Transform:
  m_ObjectHideFlags: 1
  m_PrefabParentObject: {fileID: 0}
  m_PrefabInternal: {fileID: 100100000}
  m_GameObject: {fileID: 1904184979615904}
  m_LocalRotation: {x: -0, y: -0, z: -0, w: 1}
  m_LocalPosition: {x: -4, y: 6, z: 0}
  m_LocalScale: {x: 1, y: 1, z: 1}
  m_Children: []
  m_Father: {fileID: 4361146910775660}
  m_RootOrder: 6
  m_LocalEulerAnglesHint: {x: 0, y: 0, z: 0}
--- !u!4 &4098648862357062
Transform:
  m_ObjectHideFlags: 1
  m_PrefabParentObject: {fileID: 0}
  m_PrefabInternal: {fileID: 100100000}
  m_GameObject: {fileID: 1319314206304344}
  m_LocalRotation: {x: -0, y: -0, z: -0, w: 1}
  m_LocalPosition: {x: -4, y: 4, z: 0}
  m_LocalScale: {x: 1, y: 1, z: 1}
  m_Children: []
  m_Father: {fileID: 4361146910775660}
  m_RootOrder: 4
  m_LocalEulerAnglesHint: {x: 0, y: 0, z: 0}
--- !u!4 &4175339072925992
Transform:
  m_ObjectHideFlags: 1
  m_PrefabParentObject: {fileID: 0}
  m_PrefabInternal: {fileID: 100100000}
  m_GameObject: {fileID: 1595395088051744}
  m_LocalRotation: {x: -0, y: -0, z: -0, w: 1}
  m_LocalPosition: {x: -4, y: 0, z: 0}
  m_LocalScale: {x: 1, y: 1, z: 1}
  m_Children: []
  m_Father: {fileID: 4361146910775660}
  m_RootOrder: 0
  m_LocalEulerAnglesHint: {x: 0, y: 0, z: 0}
--- !u!4 &4191493244874838
Transform:
  m_ObjectHideFlags: 1
  m_PrefabParentObject: {fileID: 0}
  m_PrefabInternal: {fileID: 100100000}
  m_GameObject: {fileID: 1904942234839690}
  m_LocalRotation: {x: -0, y: -0, z: -0, w: 1}
  m_LocalPosition: {x: 4.5, y: 5, z: 0}
  m_LocalScale: {x: 1, y: 1, z: 1}
  m_Children: []
  m_Father: {fileID: 4361146910775660}
  m_RootOrder: 11
  m_LocalEulerAnglesHint: {x: 0, y: 0, z: 0}
--- !u!4 &4361146910775660
Transform:
  m_ObjectHideFlags: 1
  m_PrefabParentObject: {fileID: 0}
  m_PrefabInternal: {fileID: 100100000}
  m_GameObject: {fileID: 1297356941996220}
  m_LocalRotation: {x: -0, y: -0, z: -0, w: 1}
  m_LocalPosition: {x: 0, y: 0, z: 0}
  m_LocalScale: {x: 1, y: 1, z: 1}
  m_Children:
  - {fileID: 4175339072925992}
  - {fileID: 4403198845217224}
  - {fileID: 4397289393719184}
  - {fileID: 4899064142874966}
  - {fileID: 4098648862357062}
  - {fileID: 4529820757752870}
  - {fileID: 4030219823433034}
  - {fileID: 4856223359176868}
  - {fileID: 4642442634911954}
  - {fileID: 4998094309884432}
  - {fileID: 4743551474035638}
  - {fileID: 4191493244874838}
  m_Father: {fileID: 0}
  m_RootOrder: 0
  m_LocalEulerAnglesHint: {x: 0, y: 0, z: 0}
--- !u!4 &4397289393719184
Transform:
  m_ObjectHideFlags: 1
  m_PrefabParentObject: {fileID: 0}
  m_PrefabInternal: {fileID: 100100000}
  m_GameObject: {fileID: 1961807307936282}
  m_LocalRotation: {x: -0, y: -0, z: -0, w: 1}
  m_LocalPosition: {x: -4, y: 2, z: 0}
  m_LocalScale: {x: 1, y: 1, z: 1}
  m_Children: []
  m_Father: {fileID: 4361146910775660}
  m_RootOrder: 2
  m_LocalEulerAnglesHint: {x: 0, y: 0, z: 0}
--- !u!4 &4403198845217224
Transform:
  m_ObjectHideFlags: 1
  m_PrefabParentObject: {fileID: 0}
  m_PrefabInternal: {fileID: 100100000}
  m_GameObject: {fileID: 1317315192401192}
  m_LocalRotation: {x: -0, y: -0, z: -0, w: 1}
  m_LocalPosition: {x: -4.5, y: 1, z: 0}
  m_LocalScale: {x: 1, y: 1, z: 1}
  m_Children: []
  m_Father: {fileID: 4361146910775660}
  m_RootOrder: 1
  m_LocalEulerAnglesHint: {x: 0, y: 0, z: 0}
--- !u!4 &4529820757752870
Transform:
  m_ObjectHideFlags: 1
  m_PrefabParentObject: {fileID: 0}
  m_PrefabInternal: {fileID: 100100000}
  m_GameObject: {fileID: 1082931971229234}
  m_LocalRotation: {x: -0, y: -0, z: -0, w: 1}
  m_LocalPosition: {x: -4.5, y: 5, z: 0}
  m_LocalScale: {x: 1, y: 1, z: 1}
  m_Children: []
  m_Father: {fileID: 4361146910775660}
  m_RootOrder: 5
  m_LocalEulerAnglesHint: {x: 0, y: 0, z: 0}
--- !u!4 &4642442634911954
Transform:
  m_ObjectHideFlags: 1
  m_PrefabParentObject: {fileID: 0}
  m_PrefabInternal: {fileID: 100100000}
  m_GameObject: {fileID: 1982946951651918}
  m_LocalRotation: {x: -0, y: -0, z: -0, w: 1}
  m_LocalPosition: {x: 4, y: 2, z: 0}
  m_LocalScale: {x: 1, y: 1, z: 1}
  m_Children: []
  m_Father: {fileID: 4361146910775660}
  m_RootOrder: 8
  m_LocalEulerAnglesHint: {x: 0, y: 0, z: 0}
--- !u!4 &4743551474035638
Transform:
  m_ObjectHideFlags: 1
  m_PrefabParentObject: {fileID: 0}
  m_PrefabInternal: {fileID: 100100000}
  m_GameObject: {fileID: 1095447475347942}
  m_LocalRotation: {x: -0, y: -0, z: -0, w: 1}
  m_LocalPosition: {x: 4, y: 4, z: 0}
  m_LocalScale: {x: 1, y: 1, z: 1}
  m_Children: []
  m_Father: {fileID: 4361146910775660}
  m_RootOrder: 10
  m_LocalEulerAnglesHint: {x: 0, y: 0, z: 0}
--- !u!4 &4856223359176868
Transform:
  m_ObjectHideFlags: 1
  m_PrefabParentObject: {fileID: 0}
  m_PrefabInternal: {fileID: 100100000}
  m_GameObject: {fileID: 1062679789057060}
  m_LocalRotation: {x: -0, y: -0, z: -0, w: 1}
  m_LocalPosition: {x: 4.5, y: 1, z: 0}
  m_LocalScale: {x: 1, y: 1, z: 1}
  m_Children: []
  m_Father: {fileID: 4361146910775660}
  m_RootOrder: 7
  m_LocalEulerAnglesHint: {x: 0, y: 0, z: 0}
--- !u!4 &4899064142874966
Transform:
  m_ObjectHideFlags: 1
  m_PrefabParentObject: {fileID: 0}
  m_PrefabInternal: {fileID: 100100000}
  m_GameObject: {fileID: 1964752063990392}
  m_LocalRotation: {x: -0, y: -0, z: -0, w: 1}
  m_LocalPosition: {x: -4.5, y: 3, z: 0}
  m_LocalScale: {x: 1, y: 1, z: 1}
  m_Children: []
  m_Father: {fileID: 4361146910775660}
  m_RootOrder: 3
  m_LocalEulerAnglesHint: {x: 0, y: 0, z: 0}
--- !u!4 &4998094309884432
Transform:
  m_ObjectHideFlags: 1
  m_PrefabParentObject: {fileID: 0}
  m_PrefabInternal: {fileID: 100100000}
  m_GameObject: {fileID: 1161551264159964}
  m_LocalRotation: {x: -0, y: -0, z: -0, w: 1}
  m_LocalPosition: {x: 4.5, y: 3, z: 0}
  m_LocalScale: {x: 1, y: 1, z: 1}
  m_Children: []
  m_Father: {fileID: 4361146910775660}
  m_RootOrder: 9
  m_LocalEulerAnglesHint: {x: 0, y: 0, z: 0}
--- !u!114 &114099622963680108
MonoBehaviour:
  m_ObjectHideFlags: 1
  m_PrefabParentObject: {fileID: 0}
  m_PrefabInternal: {fileID: 100100000}
  m_GameObject: {fileID: 1319314206304344}
  m_Enabled: 1
  m_EditorHideFlags: 0
  m_Script: {fileID: 11500000, guid: 759cc6e4e9140f445b13d21f97c413f4, type: 3}
  m_Name: 
  m_EditorClassIdentifier: 
  path: {fileID: 114488919443703108, guid: c96ee579655a56c4785966eb0087aa16, type: 2}
  timeToBegin: 0
  timeToEnd: -1
  timeToNextEnemy: 0
  totalEnemy: 1
  listMiniTurn:
  - enemyPrefab: {fileID: 1499926554462132, guid: f8e790f23bb63f949adaac4bc666b767,
      type: 2}
    properties: []
    pointAndAction:
    - listAcitonName:
      - DropItem
      - Pause
      - ChangeSpeed
      type: Dead by player
      x: 0
      actionName: DropItem
    - listAcitonName:
      - DropItem
      - Pause
      - ChangeSpeed
      type: Point = X
      x: 1
      actionName: ChangeSpeed
    newSpeed: 0.5
    timePauseAction: 0.5
    newPath: {fileID: 114845254437007288, guid: 63e1e2d166cef3b4f9254bfb1fd9ab92,
      type: 2}
    posStartPathNew: {x: 0, y: 0, z: 0}
    syncAnimation: 1
    enemyStartByNumber: 0
    number: 10
    enemyStartByPosition: 1
    startPosition:
    - {x: -1, y: 0}
    - {x: -2, y: 0}
  changeDurationCamera:
    changeSpeedCamera: 0
    speedBG: 2
    speedDecor: 2.6
    timeChange: 3
--- !u!114 &114172889765036506
MonoBehaviour:
  m_ObjectHideFlags: 1
  m_PrefabParentObject: {fileID: 0}
  m_PrefabInternal: {fileID: 100100000}
  m_GameObject: {fileID: 1297356941996220}
  m_Enabled: 1
  m_EditorHideFlags: 0
  m_Script: {fileID: 11500000, guid: fc7a5de42f2567642b9024df07f4b5dd, type: 3}
  m_Name: 
  m_EditorClassIdentifier: 
  StartTurnAsync: 0
  mTM: []
--- !u!114 &114188102879769022
MonoBehaviour:
  m_ObjectHideFlags: 1
  m_PrefabParentObject: {fileID: 0}
  m_PrefabInternal: {fileID: 100100000}
  m_GameObject: {fileID: 1964752063990392}
  m_Enabled: 1
  m_EditorHideFlags: 0
  m_Script: {fileID: 11500000, guid: 759cc6e4e9140f445b13d21f97c413f4, type: 3}
  m_Name: 
  m_EditorClassIdentifier: 
  path: {fileID: 114488919443703108, guid: c96ee579655a56c4785966eb0087aa16, type: 2}
  timeToBegin: 0
  timeToEnd: -1
  timeToNextEnemy: 0
  totalEnemy: 1
  listMiniTurn:
  - enemyPrefab: {fileID: 1499926554462132, guid: f8e790f23bb63f949adaac4bc666b767,
      type: 2}
    properties: []
    pointAndAction:
    - listAcitonName:
      - DropItem
      - Pause
      - ChangeSpeed
      type: Dead by player
      x: 0
      actionName: DropItem
    - listAcitonName:
      - DropItem
      - Pause
      - ChangeSpeed
      type: Point = X
      x: 1
      actionName: ChangeSpeed
    newSpeed: 0.5
    timePauseAction: 0.5
    newPath: {fileID: 114845254437007288, guid: 63e1e2d166cef3b4f9254bfb1fd9ab92,
      type: 2}
    posStartPathNew: {x: 0, y: 0, z: 0}
    syncAnimation: 1
    enemyStartByNumber: 0
    number: 10
    enemyStartByPosition: 1
    startPosition:
    - {x: 0, y: 0}
    - {x: -1, y: 0}
    - {x: -2, y: 0}
  changeDurationCamera:
    changeSpeedCamera: 0
    speedBG: 2
    speedDecor: 2.6
    timeChange: 3
--- !u!114 &114231323333662118
MonoBehaviour:
  m_ObjectHideFlags: 1
  m_PrefabParentObject: {fileID: 0}
  m_PrefabInternal: {fileID: 100100000}
  m_GameObject: {fileID: 1904184979615904}
  m_Enabled: 1
  m_EditorHideFlags: 0
  m_Script: {fileID: 11500000, guid: 759cc6e4e9140f445b13d21f97c413f4, type: 3}
  m_Name: 
  m_EditorClassIdentifier: 
  path: {fileID: 114488919443703108, guid: c96ee579655a56c4785966eb0087aa16, type: 2}
  timeToBegin: 0
  timeToEnd: -1
  timeToNextEnemy: 0
  totalEnemy: 1
  listMiniTurn:
  - enemyPrefab: {fileID: 1339762298276930, guid: 815d789a219a3f046a7ae396443df224,
      type: 2}
    properties: []
    pointAndAction:
    - listAcitonName:
      - DropItem
      - Pause
      - ChangeSpeed
      type: Dead by player
      x: 0
      actionName: DropItem
    - listAcitonName:
      - DropItem
      - Pause
      - ChangeSpeed
      type: Point = X
      x: 1
      actionName: ChangeSpeed
    newSpeed: 0.5
    timePauseAction: 0.5
    newPath: {fileID: 114845254437007288, guid: 63e1e2d166cef3b4f9254bfb1fd9ab92,
      type: 2}
    posStartPathNew: {x: 0, y: 0, z: 0}
    syncAnimation: 1
    enemyStartByNumber: 0
    number: 10
    enemyStartByPosition: 1
    startPosition:
    - {x: 0, y: 0}
  changeDurationCamera:
    changeSpeedCamera: 0
    speedBG: 2
    speedDecor: 2.6
    timeChange: 3
--- !u!114 &114259383108304074
MonoBehaviour:
  m_ObjectHideFlags: 1
  m_PrefabParentObject: {fileID: 0}
  m_PrefabInternal: {fileID: 100100000}
  m_GameObject: {fileID: 1904942234839690}
  m_Enabled: 1
  m_EditorHideFlags: 0
  m_Script: {fileID: 11500000, guid: 759cc6e4e9140f445b13d21f97c413f4, type: 3}
  m_Name: 
  m_EditorClassIdentifier: 
  path: {fileID: 114488919443703108, guid: f529778ababccc74d9558be2efdcbc16, type: 2}
  timeToBegin: 0
  timeToEnd: -1
  timeToNextEnemy: 0
  totalEnemy: 1
  listMiniTurn:
  - enemyPrefab: {fileID: 1339762298276930, guid: 815d789a219a3f046a7ae396443df224,
      type: 2}
    properties: []
    pointAndAction:
    - listAcitonName:
      - DropItem
      - Pause
      - ChangeSpeed
      type: Dead by player
      x: 0
      actionName: DropItem
    - listAcitonName:
      - DropItem
      - Pause
      - ChangeSpeed
      type: Point = X
      x: 1
      actionName: ChangeSpeed
    newSpeed: 0.5
    timePauseAction: 0.5
    newPath: {fileID: 114845254437007288, guid: 63e1e2d166cef3b4f9254bfb1fd9ab92,
      type: 2}
    posStartPathNew: {x: 0, y: 0, z: 0}
    syncAnimation: 1
    enemyStartByNumber: 0
    number: 10
    enemyStartByPosition: 1
    startPosition:
    - {x: 0, y: 0}
    - {x: 1, y: 0}
  changeDurationCamera:
    changeSpeedCamera: 0
    speedBG: 2
    speedDecor: 2.6
    timeChange: 3
--- !u!114 &114286098934729352
MonoBehaviour:
  m_ObjectHideFlags: 1
  m_PrefabParentObject: {fileID: 0}
  m_PrefabInternal: {fileID: 100100000}
  m_GameObject: {fileID: 1161551264159964}
  m_Enabled: 1
  m_EditorHideFlags: 0
  m_Script: {fileID: 11500000, guid: 759cc6e4e9140f445b13d21f97c413f4, type: 3}
  m_Name: 
  m_EditorClassIdentifier: 
  path: {fileID: 114488919443703108, guid: f529778ababccc74d9558be2efdcbc16, type: 2}
  timeToBegin: 0
  timeToEnd: -1
  timeToNextEnemy: 0
  totalEnemy: 1
  listMiniTurn:
  - enemyPrefab: {fileID: 1339762298276930, guid: 815d789a219a3f046a7ae396443df224,
      type: 2}
    properties: []
    pointAndAction:
    - listAcitonName:
      - DropItem
      - Pause
      - ChangeSpeed
      type: Dead by player
      x: 0
      actionName: DropItem
    - listAcitonName:
      - DropItem
      - Pause
      - ChangeSpeed
      type: Point = X
      x: 1
      actionName: ChangeSpeed
    newSpeed: 0.5
    timePauseAction: 0.5
    newPath: {fileID: 114845254437007288, guid: 63e1e2d166cef3b4f9254bfb1fd9ab92,
      type: 2}
    posStartPathNew: {x: 0, y: 0, z: 0}
    syncAnimation: 1
    enemyStartByNumber: 0
    number: 10
    enemyStartByPosition: 1
    startPosition:
    - {x: 0, y: 0}
    - {x: 1, y: 0}
    - {x: 2, y: 0}
  changeDurationCamera:
    changeSpeedCamera: 0
    speedBG: 2
    speedDecor: 2.6
    timeChange: 3
--- !u!114 &114342102077312504
MonoBehaviour:
  m_ObjectHideFlags: 1
  m_PrefabParentObject: {fileID: 0}
  m_PrefabInternal: {fileID: 100100000}
  m_GameObject: {fileID: 1961807307936282}
  m_Enabled: 1
  m_EditorHideFlags: 0
  m_Script: {fileID: 11500000, guid: 759cc6e4e9140f445b13d21f97c413f4, type: 3}
  m_Name: 
  m_EditorClassIdentifier: 
  path: {fileID: 114488919443703108, guid: c96ee579655a56c4785966eb0087aa16, type: 2}
  timeToBegin: 0
  timeToEnd: -1
  timeToNextEnemy: 0
  totalEnemy: 1
  listMiniTurn:
  - enemyPrefab: {fileID: 1499926554462132, guid: f8e790f23bb63f949adaac4bc666b767,
      type: 2}
    properties: []
    pointAndAction:
    - listAcitonName:
      - DropItem
      - Pause
      - ChangeSpeed
      type: Dead by player
      x: 0
      actionName: DropItem
    - listAcitonName:
      - DropItem
      - Pause
      - ChangeSpeed
      type: Point = X
      x: 1
      actionName: ChangeSpeed
    newSpeed: 0.5
    timePauseAction: 0.5
    newPath: {fileID: 114845254437007288, guid: 63e1e2d166cef3b4f9254bfb1fd9ab92,
      type: 2}
    posStartPathNew: {x: 0, y: 0, z: 0}
    syncAnimation: 1
    enemyStartByNumber: 0
    number: 10
    enemyStartByPosition: 1
    startPosition:
    - {x: 0, y: 0}
    - {x: -1, y: 0}
    - {x: -2, y: 0}
  changeDurationCamera:
    changeSpeedCamera: 0
    speedBG: 2
    speedDecor: 2.6
    timeChange: 3
--- !u!114 &114384040585056672
MonoBehaviour:
  m_ObjectHideFlags: 1
  m_PrefabParentObject: {fileID: 0}
  m_PrefabInternal: {fileID: 100100000}
  m_GameObject: {fileID: 1595395088051744}
  m_Enabled: 1
  m_EditorHideFlags: 0
  m_Script: {fileID: 11500000, guid: 759cc6e4e9140f445b13d21f97c413f4, type: 3}
  m_Name: 
  m_EditorClassIdentifier: 
  path: {fileID: 114488919443703108, guid: c96ee579655a56c4785966eb0087aa16, type: 2}
  timeToBegin: 0
  timeToEnd: -1
  timeToNextEnemy: 0
  totalEnemy: 1
  listMiniTurn:
  - enemyPrefab: {fileID: 1499926554462132, guid: f8e790f23bb63f949adaac4bc666b767,
      type: 2}
    properties: []
    pointAndAction:
    - listAcitonName:
      - DropItem
      - Pause
      - ChangeSpeed
      type: Dead by player
      x: 0
      actionName: DropItem
    - listAcitonName:
      - DropItem
      - Pause
      - ChangeSpeed
      type: Point = X
      x: 1
      actionName: ChangeSpeed
    newSpeed: 0.5
    timePauseAction: 0.5
    newPath: {fileID: 114845254437007288, guid: 63e1e2d166cef3b4f9254bfb1fd9ab92,
      type: 2}
    posStartPathNew: {x: 0, y: 0, z: 0}
    syncAnimation: 1
    enemyStartByNumber: 0
    number: 10
    enemyStartByPosition: 1
    startPosition:
    - {x: 0, y: 0}
  changeDurationCamera:
    changeSpeedCamera: 0
    speedBG: 2
    speedDecor: 2.6
    timeChange: 3
--- !u!114 &114417066188082562
MonoBehaviour:
  m_ObjectHideFlags: 1
  m_PrefabParentObject: {fileID: 0}
  m_PrefabInternal: {fileID: 100100000}
  m_GameObject: {fileID: 1982946951651918}
  m_Enabled: 1
  m_EditorHideFlags: 0
  m_Script: {fileID: 11500000, guid: 759cc6e4e9140f445b13d21f97c413f4, type: 3}
  m_Name: 
  m_EditorClassIdentifier: 
  path: {fileID: 114488919443703108, guid: f529778ababccc74d9558be2efdcbc16, type: 2}
  timeToBegin: 0
  timeToEnd: -1
  timeToNextEnemy: 0
  totalEnemy: 1
  listMiniTurn:
  - enemyPrefab: {fileID: 1339762298276930, guid: 815d789a219a3f046a7ae396443df224,
      type: 2}
    properties: []
    pointAndAction:
    - listAcitonName:
      - DropItem
      - Pause
      - ChangeSpeed
      type: Dead by player
      x: 0
      actionName: DropItem
    - listAcitonName:
      - DropItem
      - Pause
      - ChangeSpeed
      type: Point = X
      x: 1
      actionName: ChangeSpeed
    newSpeed: 0.5
    timePauseAction: 0.5
    newPath: {fileID: 114845254437007288, guid: 63e1e2d166cef3b4f9254bfb1fd9ab92,
      type: 2}
    posStartPathNew: {x: 0, y: 0, z: 0}
    syncAnimation: 1
    enemyStartByNumber: 0
    number: 10
    enemyStartByPosition: 1
    startPosition:
    - {x: 1, y: 0}
    - {x: 2, y: 0}
  changeDurationCamera:
    changeSpeedCamera: 0
    speedBG: 2
    speedDecor: 2.6
    timeChange: 3
--- !u!114 &114437529883868532
MonoBehaviour:
  m_ObjectHideFlags: 1
  m_PrefabParentObject: {fileID: 0}
  m_PrefabInternal: {fileID: 100100000}
  m_GameObject: {fileID: 1095447475347942}
  m_Enabled: 1
  m_EditorHideFlags: 0
  m_Script: {fileID: 11500000, guid: 759cc6e4e9140f445b13d21f97c413f4, type: 3}
  m_Name: 
  m_EditorClassIdentifier: 
  path: {fileID: 114488919443703108, guid: f529778ababccc74d9558be2efdcbc16, type: 2}
  timeToBegin: 0
  timeToEnd: -1
  timeToNextEnemy: 0
  totalEnemy: 1
  listMiniTurn:
  - enemyPrefab: {fileID: 1339762298276930, guid: 815d789a219a3f046a7ae396443df224,
      type: 2}
    properties: []
    pointAndAction:
    - listAcitonName:
      - DropItem
      - Pause
      - ChangeSpeed
      type: Dead by player
      x: 0
      actionName: DropItem
    - listAcitonName:
      - DropItem
      - Pause
      - ChangeSpeed
      type: Point = X
      x: 1
      actionName: ChangeSpeed
    newSpeed: 0.5
    timePauseAction: 0.5
    newPath: {fileID: 114845254437007288, guid: 63e1e2d166cef3b4f9254bfb1fd9ab92,
      type: 2}
    posStartPathNew: {x: 0, y: 0, z: 0}
    syncAnimation: 1
    enemyStartByNumber: 0
    number: 10
    enemyStartByPosition: 1
    startPosition:
    - {x: 0, y: 0}
    - {x: 1, y: 0}
    - {x: 2, y: 0}
  changeDurationCamera:
    changeSpeedCamera: 0
    speedBG: 2
    speedDecor: 2.6
    timeChange: 3
--- !u!114 &114690242564745856
MonoBehaviour:
  m_ObjectHideFlags: 1
  m_PrefabParentObject: {fileID: 0}
  m_PrefabInternal: {fileID: 100100000}
  m_GameObject: {fileID: 1082931971229234}
  m_Enabled: 1
  m_EditorHideFlags: 0
  m_Script: {fileID: 11500000, guid: 759cc6e4e9140f445b13d21f97c413f4, type: 3}
  m_Name: 
  m_EditorClassIdentifier: 
  path: {fileID: 114488919443703108, guid: c96ee579655a56c4785966eb0087aa16, type: 2}
  timeToBegin: 0
  timeToEnd: -1
  timeToNextEnemy: 0
  totalEnemy: 1
  listMiniTurn:
  - enemyPrefab: {fileID: 1499926554462132, guid: f8e790f23bb63f949adaac4bc666b767,
      type: 2}
    properties: []
    pointAndAction:
    - listAcitonName:
      - DropItem
      - Pause
      - ChangeSpeed
      type: Dead by player
      x: 0
      actionName: DropItem
    - listAcitonName:
      - DropItem
      - Pause
      - ChangeSpeed
      type: Point = X
      x: 1
      actionName: ChangeSpeed
    newSpeed: 0.5
    timePauseAction: 0.5
    newPath: {fileID: 114845254437007288, guid: 63e1e2d166cef3b4f9254bfb1fd9ab92,
      type: 2}
    posStartPathNew: {x: 0, y: 0, z: 0}
    syncAnimation: 1
    enemyStartByNumber: 0
    number: 10
    enemyStartByPosition: 1
    startPosition:
    - {x: 0, y: 0}
    - {x: -1, y: 0}
  changeDurationCamera:
    changeSpeedCamera: 0
    speedBG: 2
    speedDecor: 2.6
    timeChange: 3
--- !u!114 &114880341416108640
MonoBehaviour:
  m_ObjectHideFlags: 1
  m_PrefabParentObject: {fileID: 0}
  m_PrefabInternal: {fileID: 100100000}
  m_GameObject: {fileID: 1062679789057060}
  m_Enabled: 1
  m_EditorHideFlags: 0
  m_Script: {fileID: 11500000, guid: 759cc6e4e9140f445b13d21f97c413f4, type: 3}
  m_Name: 
  m_EditorClassIdentifier: 
  path: {fileID: 114488919443703108, guid: f529778ababccc74d9558be2efdcbc16, type: 2}
  timeToBegin: 0
  timeToEnd: -1
  timeToNextEnemy: 0
  totalEnemy: 1
  listMiniTurn:
  - enemyPrefab: {fileID: 1339762298276930, guid: 815d789a219a3f046a7ae396443df224,
      type: 2}
    properties: []
    pointAndAction:
    - listAcitonName:
      - DropItem
      - Pause
      - ChangeSpeed
      type: Dead by player
      x: 0
      actionName: DropItem
    - listAcitonName:
      - DropItem
      - Pause
      - ChangeSpeed
      type: Point = X
      x: 1
      actionName: ChangeSpeed
    newSpeed: 0.5
    timePauseAction: 0.5
    newPath: {fileID: 114845254437007288, guid: 63e1e2d166cef3b4f9254bfb1fd9ab92,
      type: 2}
    posStartPathNew: {x: 0, y: 0, z: 0}
    syncAnimation: 1
    enemyStartByNumber: 0
    number: 10
    enemyStartByPosition: 1
    startPosition:
    - {x: 0, y: 0}
    - {x: 1, y: 0}
  changeDurationCamera:
    changeSpeedCamera: 0
    speedBG: 2
    speedDecor: 2.6
    timeChange: 3
--- !u!114 &114981943391976968
MonoBehaviour:
  m_ObjectHideFlags: 1
  m_PrefabParentObject: {fileID: 0}
  m_PrefabInternal: {fileID: 100100000}
  m_GameObject: {fileID: 1317315192401192}
  m_Enabled: 1
  m_EditorHideFlags: 0
  m_Script: {fileID: 11500000, guid: 759cc6e4e9140f445b13d21f97c413f4, type: 3}
  m_Name: 
  m_EditorClassIdentifier: 
  path: {fileID: 114488919443703108, guid: c96ee579655a56c4785966eb0087aa16, type: 2}
  timeToBegin: 0
  timeToEnd: -1
  timeToNextEnemy: 0
  totalEnemy: 1
  listMiniTurn:
  - enemyPrefab: {fileID: 1499926554462132, guid: f8e790f23bb63f949adaac4bc666b767,
      type: 2}
    properties: []
    pointAndAction:
    - listAcitonName:
      - DropItem
      - Pause
      - ChangeSpeed
      type: Dead by player
      x: 0
      actionName: DropItem
    - listAcitonName:
      - DropItem
      - Pause
      - ChangeSpeed
      type: Point = X
      x: 1
      actionName: ChangeSpeed
    newSpeed: 0.5
    timePauseAction: 0.5
    newPath: {fileID: 114845254437007288, guid: 63e1e2d166cef3b4f9254bfb1fd9ab92,
      type: 2}
    posStartPathNew: {x: 0, y: 0, z: 0}
    syncAnimation: 1
    enemyStartByNumber: 0
    number: 10
    enemyStartByPosition: 1
    startPosition:
    - {x: 0, y: 0}
    - {x: -1, y: 0}
  changeDurationCamera:
    changeSpeedCamera: 0
    speedBG: 2
    speedDecor: 2.6
    timeChange: 3
