%YAML 1.1
%TAG !u! tag:unity3d.com,2011:
--- !u!1001 &100100000
Prefab:
  m_ObjectHideFlags: 1
  serializedVersion: 2
  m_Modification:
    m_TransformParent: {fileID: 0}
    m_Modifications: []
    m_RemovedComponents: []
  m_SourcePrefab: {fileID: 0}
  m_RootGameObject: {fileID: 1634143680882452}
  m_IsPrefabAsset: 1
--- !u!1 &1050751075666008
GameObject:
  m_ObjectHideFlags: 0
  m_CorrespondingSourceObject: {fileID: 0}
  m_PrefabInternal: {fileID: 100100000}
  serializedVersion: 6
  m_Component:
  - component: {fileID: 4765952619841614}
  - component: {fileID: 114196233181901822}
  m_Layer: 0
  m_Name: OverTake
  m_TagString: Untagged
  m_Icon: {fileID: 0}
  m_NavMeshLayer: 0
  m_StaticEditorFlags: 0
  m_IsActive: 1
--- !u!1 &1395173300028994
GameObject:
  m_ObjectHideFlags: 0
  m_CorrespondingSourceObject: {fileID: 0}
  m_PrefabInternal: {fileID: 100100000}
  serializedVersion: 6
  m_Component:
  - component: {fileID: 4803702358770772}
  - component: {fileID: 114377407413575366}
  m_Layer: 0
  m_Name: NhenCon
  m_TagString: Untagged
  m_Icon: {fileID: 0}
  m_NavMeshLayer: 0
  m_StaticEditorFlags: 0
  m_IsActive: 1
--- !u!1 &1634143680882452
GameObject:
  m_ObjectHideFlags: 0
  m_CorrespondingSourceObject: {fileID: 0}
  m_PrefabInternal: {fileID: 100100000}
  serializedVersion: 6
  m_Component:
  - component: {fileID: 4026365614281100}
  - component: {fileID: 114028326102836900}
  m_Layer: 0
  m_Name: Lv88_8
  m_TagString: Untagged
  m_Icon: {fileID: 0}
  m_NavMeshLayer: 0
  m_StaticEditorFlags: 0
  m_IsActive: 1
--- !u!1 &1726134264291342
GameObject:
  m_ObjectHideFlags: 0
  m_CorrespondingSourceObject: {fileID: 0}
  m_PrefabInternal: {fileID: 100100000}
  serializedVersion: 6
  m_Component:
  - component: {fileID: 4904465905580846}
  - component: {fileID: 114568059610701728}
  m_Layer: 0
  m_Name: SuperBigBug
  m_TagString: Untagged
  m_Icon: {fileID: 0}
  m_NavMeshLayer: 0
  m_StaticEditorFlags: 0
  m_IsActive: 1
--- !u!1 &1992666889833440
GameObject:
  m_ObjectHideFlags: 0
  m_CorrespondingSourceObject: {fileID: 0}
  m_PrefabInternal: {fileID: 100100000}
  serializedVersion: 6
  m_Component:
  - component: {fileID: 4716803077831528}
  - component: {fileID: 114427337766669672}
  m_Layer: 0
  m_Name: BigBug
  m_TagString: Untagged
  m_Icon: {fileID: 0}
  m_NavMeshLayer: 0
  m_StaticEditorFlags: 0
  m_IsActive: 1
--- !u!4 &4026365614281100
Transform:
  m_ObjectHideFlags: 1
  m_CorrespondingSourceObject: {fileID: 0}
  m_PrefabInternal: {fileID: 100100000}
  m_GameObject: {fileID: 1634143680882452}
  m_LocalRotation: {x: -0, y: -0, z: -0, w: 1}
  m_LocalPosition: {x: 0, y: 0, z: 0}
  m_LocalScale: {x: 1, y: 1, z: 1}
  m_Children:
  - {fileID: 4716803077831528}
  - {fileID: 4765952619841614}
  - {fileID: 4904465905580846}
  - {fileID: 4803702358770772}
  m_Father: {fileID: 0}
  m_RootOrder: 0
  m_LocalEulerAnglesHint: {x: 0, y: 0, z: 0}
--- !u!4 &4716803077831528
Transform:
  m_ObjectHideFlags: 1
  m_CorrespondingSourceObject: {fileID: 0}
  m_PrefabInternal: {fileID: 100100000}
  m_GameObject: {fileID: 1992666889833440}
  m_LocalRotation: {x: -0, y: -0, z: -0, w: 1}
  m_LocalPosition: {x: -2, y: 10, z: 0}
  m_LocalScale: {x: 1, y: 1, z: 1}
  m_Children: []
  m_Father: {fileID: 4026365614281100}
  m_RootOrder: 0
  m_LocalEulerAnglesHint: {x: 0, y: 0, z: 0}
--- !u!4 &4765952619841614
Transform:
  m_ObjectHideFlags: 1
  m_CorrespondingSourceObject: {fileID: 0}
  m_PrefabInternal: {fileID: 100100000}
  m_GameObject: {fileID: 1050751075666008}
  m_LocalRotation: {x: -0, y: -0, z: -0, w: 1}
  m_LocalPosition: {x: 2, y: 10, z: 0}
  m_LocalScale: {x: 1, y: 1, z: 1}
  m_Children: []
  m_Father: {fileID: 4026365614281100}
  m_RootOrder: 1
  m_LocalEulerAnglesHint: {x: 0, y: 0, z: 0}
--- !u!4 &4803702358770772
Transform:
  m_ObjectHideFlags: 1
  m_CorrespondingSourceObject: {fileID: 0}
  m_PrefabInternal: {fileID: 100100000}
  m_GameObject: {fileID: 1395173300028994}
  m_LocalRotation: {x: -0, y: -0, z: -0, w: 1}
  m_LocalPosition: {x: 0, y: 9, z: 0}
  m_LocalScale: {x: 1, y: 1, z: 1}
  m_Children: []
  m_Father: {fileID: 4026365614281100}
  m_RootOrder: 3
  m_LocalEulerAnglesHint: {x: 0, y: 0, z: 0}
--- !u!4 &4904465905580846
Transform:
  m_ObjectHideFlags: 1
  m_CorrespondingSourceObject: {fileID: 0}
  m_PrefabInternal: {fileID: 100100000}
  m_GameObject: {fileID: 1726134264291342}
  m_LocalRotation: {x: -0, y: -0, z: -0, w: 1}
  m_LocalPosition: {x: 0, y: 9, z: 0}
  m_LocalScale: {x: 1, y: 1, z: 1}
  m_Children: []
  m_Father: {fileID: 4026365614281100}
  m_RootOrder: 2
  m_LocalEulerAnglesHint: {x: 0, y: 0, z: 0}
--- !u!114 &114028326102836900
MonoBehaviour:
  m_ObjectHideFlags: 1
  m_CorrespondingSourceObject: {fileID: 0}
  m_PrefabInternal: {fileID: 100100000}
  m_GameObject: {fileID: 1634143680882452}
  m_Enabled: 1
  m_EditorHideFlags: 0
  m_Script: {fileID: 11500000, guid: fc7a5de42f2567642b9024df07f4b5dd, type: 3}
  m_Name: 
  m_EditorClassIdentifier: 
  StartTurnAsync: 0
  mTM: []
--- !u!114 &114196233181901822
MonoBehaviour:
  m_ObjectHideFlags: 1
  m_CorrespondingSourceObject: {fileID: 0}
  m_PrefabInternal: {fileID: 100100000}
  m_GameObject: {fileID: 1050751075666008}
  m_Enabled: 1
  m_EditorHideFlags: 0
  m_Script: {fileID: 11500000, guid: 759cc6e4e9140f445b13d21f97c413f4, type: 3}
  m_Name: 
  m_EditorClassIdentifier: 
  path: {fileID: 114934967805681938, guid: e4746670c56a5a64d9c0e6357bc46d16, type: 2}
  timeToBegin: 0
  timeToEnd: -1
  timeToNextEnemy: 0
  totalEnemy: 1
  listMiniTurn:
  - enemyPrefab: {fileID: 1132992439431854, guid: fd92cb595e5d35546ad0f06a7a0b7842,
      type: 2}
    properties: []
    pointAndAction:
    - listAcitonName:
      - DropItem
      - ChangeSpeed
      - PauseAndShootLoop
      - PauseAndShoot
      - ChangeToPathLoop
      type: Dead by player
      x: 0
      actionName: DropItem
    - listAcitonName:
      - DropItem
      - ChangeSpeed
      - PauseAndShootLoop
      - PauseAndShoot
      - ChangeToPathLoop
      type: Point = X
      x: 1
      actionName: ChangeSpeed
    - listAcitonName:
      - DropItem
      - ChangeSpeed
      - PauseAndShootLoop
      - PauseAndShoot
      - ChangeToPathLoop
      type: Point = X
      x: 1
      actionName: PauseAndShootLoop
    - listAcitonName:
      - DropItem
      - ChangeSpeed
      - PauseAndShootLoop
      - PauseAndShoot
      - ChangeToPathLoop
      type: Point = X
      x: 2
      actionName: ChangeToPathLoop
    newSpeed: 4
    timePauseAction: 0.5
    newPath: {fileID: 114385620899129590, guid: 60cc93f44746ee840b6913daf7c225f7,
      type: 2}
    posStartPathNew: {x: 3, y: 3, z: 0}
    syncAnimation: 0
    enemyStartByNumber: 1
    number: 1
    enemyStartByPosition: 0
    startPosition:
    - {x: -3, y: 0}
    - {x: 1, y: 5}
    - {x: 0, y: 0}
    - {x: 0, y: 0}
  changeDurationCamera:
    changeSpeedCamera: 0
    speedBG: 2
    speedDecor: 2.6
    timeChange: 3
--- !u!114 &114377407413575366
MonoBehaviour:
  m_ObjectHideFlags: 1
  m_CorrespondingSourceObject: {fileID: 0}
  m_PrefabInternal: {fileID: 100100000}
  m_GameObject: {fileID: 1395173300028994}
  m_Enabled: 1
  m_EditorHideFlags: 0
  m_Script: {fileID: 11500000, guid: 759cc6e4e9140f445b13d21f97c413f4, type: 3}
  m_Name: 
  m_EditorClassIdentifier: 
  path: {fileID: 114969117227375332, guid: 842f639ec9e9b9c4c89d737e2ae71a85, type: 2}
  timeToBegin: 3
  timeToEnd: -1
  timeToNextEnemy: 5
  totalEnemy: 1
  listMiniTurn:
  - enemyPrefab: {fileID: 1545851746400868, guid: 0524d725e506a85418b804243eb45ac1,
      type: 2}
    properties: []
    pointAndAction:
    - listAcitonName:
      - DropItem
      - Pause
      - ChangeSpeed
      type: Dead by player
      x: 0
      actionName: DropItem
    - listAcitonName:
      - DropItem
      - Pause
      - ChangeSpeed
      type: Point = X
      x: 1
      actionName: ChangeSpeed
    newSpeed: 2.5
    timePauseAction: 0.5
    newPath: {fileID: 114845254437007288, guid: 63e1e2d166cef3b4f9254bfb1fd9ab92,
      type: 2}
    posStartPathNew: {x: 0, y: 0, z: 0}
    syncAnimation: 1
    enemyStartByNumber: 0
    number: 1
    enemyStartByPosition: 1
    startPosition:
    - {x: -3, y: 0}
    - {x: 3, y: 0}
    - {x: 2, y: 0}
    - {x: -2, y: 0}
    - {x: 0, y: 0}
  changeDurationCamera:
    changeSpeedCamera: 0
    speedBG: 2
    speedDecor: 2.6
    timeChange: 3
--- !u!114 &114427337766669672
MonoBehaviour:
  m_ObjectHideFlags: 1
  m_CorrespondingSourceObject: {fileID: 0}
  m_PrefabInternal: {fileID: 100100000}
  m_GameObject: {fileID: 1992666889833440}
  m_Enabled: 1
  m_EditorHideFlags: 0
  m_Script: {fileID: 11500000, guid: 759cc6e4e9140f445b13d21f97c413f4, type: 3}
  m_Name: 
  m_EditorClassIdentifier: 
  path: {fileID: 114934967805681938, guid: e4746670c56a5a64d9c0e6357bc46d16, type: 2}
  timeToBegin: 0
  timeToEnd: -1
  timeToNextEnemy: 0
  totalEnemy: 1
  listMiniTurn:
  - enemyPrefab: {fileID: 1073480861906700, guid: ae87e4ff56292ba46b9a808c63d84e9d,
      type: 2}
    properties: []
    pointAndAction:
    - listAcitonName:
      - DropItem
      - ChangeSpeed
      - PauseAndShootLoop
      - PauseAndShoot
      - ChangeToPathLoop
      type: Dead by player
      x: 0
      actionName: DropItem
    - listAcitonName:
      - DropItem
      - ChangeSpeed
      - PauseAndShootLoop
      - PauseAndShoot
      - ChangeToPathLoop
      type: Point = X
      x: 1
      actionName: ChangeSpeed
    - listAcitonName:
      - DropItem
      - ChangeSpeed
      - PauseAndShootLoop
      - PauseAndShoot
      - ChangeToPathLoop
      type: Point = X
      x: 1
      actionName: PauseAndShootLoop
    - listAcitonName:
      - DropItem
      - ChangeSpeed
      - PauseAndShootLoop
      - PauseAndShoot
      - ChangeToPathLoop
      type: Point = X
      x: 2
      actionName: ChangeToPathLoop
    newSpeed: 4
    timePauseAction: 0.5
    newPath: {fileID: 114385620899129590, guid: 479e45f1c6b6e184a99bd73ac0403549,
      type: 2}
    posStartPathNew: {x: -3, y: 3, z: 0}
    syncAnimation: 0
    enemyStartByNumber: 1
    number: 1
    enemyStartByPosition: 0
    startPosition:
    - {x: -3, y: 0}
    - {x: 1, y: 5}
    - {x: 0, y: 0}
    - {x: 0, y: 0}
  changeDurationCamera:
    changeSpeedCamera: 0
    speedBG: 2
    speedDecor: 2.6
    timeChange: 3
--- !u!114 &114568059610701728
MonoBehaviour:
  m_ObjectHideFlags: 1
  m_CorrespondingSourceObject: {fileID: 0}
  m_PrefabInternal: {fileID: 100100000}
  m_GameObject: {fileID: 1726134264291342}
  m_Enabled: 1
  m_EditorHideFlags: 0
  m_Script: {fileID: 11500000, guid: 759cc6e4e9140f445b13d21f97c413f4, type: 3}
  m_Name: 
  m_EditorClassIdentifier: 
  path: {fileID: 114934967805681938, guid: e4746670c56a5a64d9c0e6357bc46d16, type: 2}
  timeToBegin: 0
  timeToEnd: -1
  timeToNextEnemy: 0
  totalEnemy: 1
  listMiniTurn:
  - enemyPrefab: {fileID: 1233936378270194, guid: 930348bc4d846184fb7c1775ae7a1664,
      type: 2}
    properties: []
    pointAndAction:
    - listAcitonName:
      - DropItem
      - ChangeSpeed
      - PauseAndShootLoop
      - PauseAndShoot
      - ChangeToPathLoop
      type: Dead by player
      x: 0
      actionName: DropItem
    - listAcitonName:
      - DropItem
      - ChangeSpeed
      - PauseAndShootLoop
      - PauseAndShoot
      - ChangeToPathLoop
      type: Point = X
      x: 1
      actionName: ChangeSpeed
    - listAcitonName:
      - DropItem
      - ChangeSpeed
      - PauseAndShootLoop
      - PauseAndShoot
      - ChangeToPathLoop
      type: After X Millisecond
      x: 1500
      actionName: PauseAndShootLoop
    - listAcitonName:
      - DropItem
      - ChangeSpeed
      - PauseAndShootLoop
      - PauseAndShoot
      - ChangeToPathLoop
      type: Point = X
      x: 2
      actionName: ChangeToPathLoop
    newSpeed: 3
    timePauseAction: 0.5
    newPath: {fileID: 114883555105068510, guid: 7e0efecaa310e6a4ba776b688f96e19d,
      type: 2}
    posStartPathNew: {x: 0, y: 4, z: 0}
    syncAnimation: 0
    enemyStartByNumber: 1
    number: 1
    enemyStartByPosition: 0
    startPosition:
    - {x: -3, y: 0}
    - {x: 1, y: 5}
    - {x: 0, y: 0}
    - {x: 0, y: 0}
  changeDurationCamera:
    changeSpeedCamera: 0
    speedBG: 2
    speedDecor: 2.6
    timeChange: 3
