%YAML 1.1
%TAG !u! tag:unity3d.com,2011:
--- !u!1001 &100100000
Prefab:
  m_ObjectHideFlags: 1
  serializedVersion: 2
  m_Modification:
    m_TransformParent: {fileID: 0}
    m_Modifications: []
    m_RemovedComponents: []
  m_ParentPrefab: {fileID: 0}
  m_RootGameObject: {fileID: 1087400915180300}
  m_IsPrefabParent: 1
--- !u!1 &1087400915180300
GameObject:
  m_ObjectHideFlags: 0
  m_PrefabParentObject: {fileID: 0}
  m_PrefabInternal: {fileID: 100100000}
  serializedVersion: 5
  m_Component:
  - component: {fileID: 4572481434240782}
  m_Layer: 0
  m_Name: PvPLevelManagerChallenger
  m_TagString: Untagged
  m_Icon: {fileID: 0}
  m_NavMeshLayer: 0
  m_StaticEditorFlags: 0
  m_IsActive: 1
--- !u!1 &1118030830769126
GameObject:
  m_ObjectHideFlags: 0
  m_PrefabParentObject: {fileID: 0}
  m_PrefabInternal: {fileID: 100100000}
  serializedVersion: 5
  m_Component:
  - component: {fileID: 4644134462008732}
  - component: {fileID: 114891157050335058}
  m_Layer: 0
  m_Name: WaveCache7Challenger
  m_TagString: Untagged
  m_Icon: {fileID: 0}
  m_NavMeshLayer: 0
  m_StaticEditorFlags: 0
  m_IsActive: 1
--- !u!1 &1785275572090680
GameObject:
  m_ObjectHideFlags: 0
  m_PrefabParentObject: {fileID: 0}
  m_PrefabInternal: {fileID: 100100000}
  serializedVersion: 5
  m_Component:
  - component: {fileID: 4060751505471212}
  - component: {fileID: 114872547951214138}
  - component: {fileID: 114148250448841168}
  m_Layer: 0
  m_Name: LevelManager
  m_TagString: Untagged
  m_Icon: {fileID: 0}
  m_NavMeshLayer: 0
  m_StaticEditorFlags: 0
  m_IsActive: 1
--- !u!1 &1956151786754202
GameObject:
  m_ObjectHideFlags: 1
  m_PrefabParentObject: {fileID: 0}
  m_PrefabInternal: {fileID: 100100000}
  serializedVersion: 5
  m_Component:
  - component: {fileID: 4543842717876818}
  - component: {fileID: 114632338946561028}
  m_Layer: 0
  m_Name: W_0
  m_TagString: Untagged
  m_Icon: {fileID: 0}
  m_NavMeshLayer: 0
  m_StaticEditorFlags: 0
  m_IsActive: 1
--- !u!4 &4060751505471212
Transform:
  m_ObjectHideFlags: 1
  m_PrefabParentObject: {fileID: 0}
  m_PrefabInternal: {fileID: 100100000}
  m_GameObject: {fileID: 1785275572090680}
  m_LocalRotation: {x: -0, y: -0, z: -0, w: 1}
  m_LocalPosition: {x: 0.15159358, y: -0.022542385, z: -0.04340419}
  m_LocalScale: {x: 1, y: 1, z: 1}
  m_Children:
  - {fileID: 4543842717876818}
  m_Father: {fileID: 4572481434240782}
  m_RootOrder: 0
  m_LocalEulerAnglesHint: {x: 0, y: 0, z: 0}
--- !u!4 &4543842717876818
Transform:
  m_ObjectHideFlags: 1
  m_PrefabParentObject: {fileID: 0}
  m_PrefabInternal: {fileID: 100100000}
  m_GameObject: {fileID: 1956151786754202}
  m_LocalRotation: {x: -0, y: -0, z: -0, w: 1}
  m_LocalPosition: {x: 0, y: 0, z: 0}
  m_LocalScale: {x: 1, y: 1, z: 1}
  m_Children: []
  m_Father: {fileID: 4060751505471212}
  m_RootOrder: 0
  m_LocalEulerAnglesHint: {x: 0, y: 0, z: 0}
--- !u!4 &4572481434240782
Transform:
  m_ObjectHideFlags: 1
  m_PrefabParentObject: {fileID: 0}
  m_PrefabInternal: {fileID: 100100000}
  m_GameObject: {fileID: 1087400915180300}
  m_LocalRotation: {x: -0, y: -0, z: -0, w: 1}
  m_LocalPosition: {x: -0.15159358, y: 0.022542385, z: 0.04340419}
  m_LocalScale: {x: 1, y: 1, z: 1}
  m_Children:
  - {fileID: 4060751505471212}
  - {fileID: 4644134462008732}
  m_Father: {fileID: 0}
  m_RootOrder: 0
  m_LocalEulerAnglesHint: {x: 0, y: 0, z: 0}
--- !u!4 &4644134462008732
Transform:
  m_ObjectHideFlags: 1
  m_PrefabParentObject: {fileID: 0}
  m_PrefabInternal: {fileID: 100100000}
  m_GameObject: {fileID: 1118030830769126}
  m_LocalRotation: {x: -0, y: -0, z: -0, w: 1}
  m_LocalPosition: {x: 0, y: 0, z: 0}
  m_LocalScale: {x: 1, y: 1, z: 1}
  m_Children: []
  m_Father: {fileID: 4572481434240782}
  m_RootOrder: 1
  m_LocalEulerAnglesHint: {x: 0, y: 0, z: 0}
--- !u!114 &114148250448841168
MonoBehaviour:
  m_ObjectHideFlags: 1
  m_PrefabParentObject: {fileID: 0}
  m_PrefabInternal: {fileID: 100100000}
  m_GameObject: {fileID: 1785275572090680}
  m_Enabled: 1
  m_EditorHideFlags: 0
  m_Script: {fileID: 11500000, guid: 82e2d5ab99c12c241a7647524f4fe753, type: 3}
  m_Name: 
  m_EditorClassIdentifier: 
--- !u!114 &114632338946561028
MonoBehaviour:
  m_ObjectHideFlags: 1
  m_PrefabParentObject: {fileID: 0}
  m_PrefabInternal: {fileID: 100100000}
  m_GameObject: {fileID: 1956151786754202}
  m_Enabled: 1
  m_EditorHideFlags: 0
  m_Script: {fileID: 11500000, guid: fc7a5de42f2567642b9024df07f4b5dd, type: 3}
  m_Name: 
  m_EditorClassIdentifier: 
  StartTurnAsync: 0
  mTM: []
--- !u!114 &114872547951214138
MonoBehaviour:
  m_ObjectHideFlags: 1
  m_PrefabParentObject: {fileID: 0}
  m_PrefabInternal: {fileID: 100100000}
  m_GameObject: {fileID: 1785275572090680}
  m_Enabled: 1
  m_EditorHideFlags: 0
  m_Script: {fileID: 11500000, guid: 3c340694319fad54f869c3e6449c8ecf, type: 3}
  m_Name: 
  m_EditorClassIdentifier: 
  m_AliveEnemy: 0
  m_TotalEnemyHp: 0
  currentWave: 0
--- !u!114 &114891157050335058
MonoBehaviour:
  m_ObjectHideFlags: 1
  m_PrefabParentObject: {fileID: 0}
  m_PrefabInternal: {fileID: 100100000}
  m_GameObject: {fileID: 1118030830769126}
  m_Enabled: 1
  m_EditorHideFlags: 0
  m_Script: {fileID: 11500000, guid: e8bd4a4ef695a4a0bad18c007751e5ca, type: 3}
  m_Name: 
  m_EditorClassIdentifier: 
  serializationData:
    SerializedFormat: 2
    SerializedBytes: 
    ReferencedUnityObjects: []
    SerializedBytesString: 
    Prefab: {fileID: 0}
    PrefabModificationsReferencedUnityObjects: []
    PrefabModifications: []
    SerializationNodes: []
  isEndless: 1
  background: {fileID: 1315283251736796, guid: f0fbb13f2f51f8d4fb61e33a912caa50, type: 2}
  levelManager: {fileID: 114872547951214138}
  zigZags:
  - zigzag: 1,2,3,4
    coeff: 1
  - zigzag: 5,6,7,8
    coeff: 1
  - zigzag: 9,10,11,12
    coeff: 1
  - zigzag: 13,14,15
    coeff: 1
  - zigzag: 9,10,11,12
    coeff: 1
  - zigzag: 13,14,15
    coeff: 1
  - zigzag: 9,10,11,12
    coeff: 1
  - zigzag: 13,14,15
    coeff: 1
  - zigzag: 9,10,11,12
    coeff: 1
  - zigzag: 13,14,15
    coeff: 1
  wavePrefabos:
  - hardLevel: 1
    gos:
    - {fileID: 1594250540487982, guid: f05bb270500b4e9498bf8c538a7d3c25, type: 2}
    - {fileID: 1753155695923268, guid: 16d8e431004839d4fb580e33079a3226, type: 2}
    - {fileID: 1333849093325150, guid: b6014bac663af38439fba08cc4982dbc, type: 2}
  - hardLevel: 2
    gos:
    - {fileID: 1851046961804860, guid: bb3c8bc8ada8656478b16b32684e31b8, type: 2}
    - {fileID: 1552688192463854, guid: d9423d4048cadf04cae2c1aae7f58640, type: 2}
    - {fileID: 1573215085689962, guid: 8ede37a37456e3e4b95d32e75c905203, type: 2}
  - hardLevel: 3
    gos:
    - {fileID: 1673022366247892, guid: 26ebdb8c7bdc1ad49b3febe73343c48d, type: 2}
    - {fileID: 1861585243114058, guid: 6906c6e75b5a0bb45a189b0c36edf7ec, type: 2}
  - hardLevel: 4
    gos:
    - {fileID: 1222124940608208, guid: 914fe228c1e43d54cba366d6f5cadf83, type: 2}
    - {fileID: 1800519114499122, guid: 2d75d5d6cd9aac348b2d26fafece1d85, type: 2}
    - {fileID: 1689147148486450, guid: 455262a64e0964943b790fa9e71e2867, type: 2}
  - hardLevel: 5
    gos:
    - {fileID: 1163899235541846, guid: a3bdb41662466cf42a6ce32316dea758, type: 2}
    - {fileID: 1570441792887736, guid: 0b0959f87ee0099438cba9a857725c47, type: 2}
    - {fileID: 1298557745925226, guid: 325c62d7a95e9e8488ca114cb11c43dd, type: 2}
  - hardLevel: 6
    gos:
    - {fileID: 1245260238550318, guid: 59ea9d1b9b17b654f87e5f23b5d1a3f6, type: 2}
    - {fileID: 1542269041113108, guid: cb4628aec63879347a2f51297690f115, type: 2}
  - hardLevel: 7
    gos:
    - {fileID: 1074214390327988, guid: 7bf822cd4699e6a4fabbd04502b90d89, type: 2}
    - {fileID: 1485104427278516, guid: b9399def689adec4ea8656f300fe173b, type: 2}
    - {fileID: 1690060994402280, guid: 4242361da65171c4e86923f6d446d93a, type: 2}
  - hardLevel: 8
    gos:
    - {fileID: 1701185318492686, guid: 2e19f249b79bee041b62e3379f5fdea5, type: 2}
    - {fileID: 1308589025020932, guid: 1603f7c0aa5225048806d2c82246f855, type: 2}
    - {fileID: 1102739785135942, guid: d88653332d5ac374ba89d12c127d921a, type: 2}
  - hardLevel: 9
    gos:
    - {fileID: 1561283865344884, guid: fd44a19a7ad689f4c8264701af7fd75d, type: 2}
    - {fileID: 1023438389067120, guid: 50a48846ada08eb4ba9c70d728f3b34d, type: 2}
    - {fileID: 1171330462801840, guid: c5ddc11fb06da7d419de15494052bac1, type: 2}
  - hardLevel: 10
    gos:
    - {fileID: 1962204210231834, guid: 6f923c15e35a1674e9537a70765611f1, type: 2}
    - {fileID: 1002131706897538, guid: f839b00b719af484e906e2dd64ed0168, type: 2}
    - {fileID: 1592364991376498, guid: eb7f405928bfa1940be9ef7cb3e41aa2, type: 2}
  - hardLevel: 11
    gos:
    - {fileID: 1439702073247860, guid: ca6f545717e6f9848b31ff15e318dacd, type: 2}
    - {fileID: 1033046259070254, guid: 6ebbee5905617f846ae9e3573699562f, type: 2}
    - {fileID: 1756299015561702, guid: b66d356453421714cb29c56a0c98e920, type: 2}
  - hardLevel: 12
    gos:
    - {fileID: 1024973260912728, guid: 43928c54d67d60a4c9c121e7a3a6303a, type: 2}
    - {fileID: 1662679146705146, guid: f21c5688bab40c04bad7f03a047cedc9, type: 2}
    - {fileID: 1197869845453784, guid: 51683b69d47728f448b380c1ab4032fa, type: 2}
  - hardLevel: 13
    gos:
    - {fileID: 1610620993032318, guid: 72b2aff046a29854186736548a2d225d, type: 2}
    - {fileID: 1438133145748830, guid: b7842fe2fb5275c4fa5d3cd8496c0202, type: 2}
    - {fileID: 1768131816282306, guid: f8540fa3e947c004ea288a968cae9fea, type: 2}
  - hardLevel: 14
    gos:
    - {fileID: 1458040407387926, guid: a550f1564c38d114dbe6a336049a3fd4, type: 2}
    - {fileID: 1870798926481258, guid: f461022bf5eb34f43958ff4799007a54, type: 2}
    - {fileID: 1902474532132724, guid: 5ad9673959f08444fa418457d9249d68, type: 2}
  - hardLevel: 15
    gos:
    - {fileID: 1956199858045798, guid: 984bd6d93a3964f42b66f8adc13e16be, type: 2}
    - {fileID: 1342065566062178, guid: 5f7113bf29b2f214ab986f494e446487, type: 2}
    - {fileID: 1597323342072622, guid: 3a67b319359fae447ba64ff705feadaa, type: 2}
