%YAML 1.1
%TAG !u! tag:unity3d.com,2011:
--- !u!1001 &100100000
Prefab:
  m_ObjectHideFlags: 1
  serializedVersion: 2
  m_Modification:
    m_TransformParent: {fileID: 0}
    m_Modifications: []
    m_RemovedComponents: []
  m_SourcePrefab: {fileID: 0}
  m_RootGameObject: {fileID: 1302810291235368}
  m_IsPrefabAsset: 1
--- !u!1 &1166823954243626
GameObject:
  m_ObjectHideFlags: 0
  m_CorrespondingSourceObject: {fileID: 0}
  m_PrefabInternal: {fileID: 100100000}
  serializedVersion: 6
  m_Component:
  - component: {fileID: 4739960463533790}
  - component: {fileID: 114740691057145834}
  m_Layer: 8
  m_Name: HPBar
  m_TagString: Untagged
  m_Icon: {fileID: 0}
  m_NavMeshLayer: 0
  m_StaticEditorFlags: 0
  m_IsActive: 1
--- !u!1 &1173028974839208
GameObject:
  m_ObjectHideFlags: 1
  m_CorrespondingSourceObject: {fileID: 0}
  m_PrefabInternal: {fileID: 100100000}
  serializedVersion: 6
  m_Component:
  - component: {fileID: 4597142196977220}
  - component: {fileID: 33629467007477086}
  - component: {fileID: 23872024581688518}
  - component: {fileID: 114823192061019590}
  m_Layer: 8
  m_Name: sFilled
  m_TagString: Untagged
  m_Icon: {fileID: 0}
  m_NavMeshLayer: 0
  m_StaticEditorFlags: 0
  m_IsActive: 1
--- !u!1 &1212820705583374
GameObject:
  m_ObjectHideFlags: 0
  m_CorrespondingSourceObject: {fileID: 0}
  m_PrefabInternal: {fileID: 100100000}
  serializedVersion: 6
  m_Component:
  - component: {fileID: 4187588954862596}
  - component: {fileID: 114011364444466294}
  - component: {fileID: 212295627295226842}
  - component: {fileID: 95137836908896924}
  m_Layer: 8
  m_Name: Avatar_Ruoi
  m_TagString: Untagged
  m_Icon: {fileID: 0}
  m_NavMeshLayer: 0
  m_StaticEditorFlags: 0
  m_IsActive: 1
--- !u!1 &1302810291235368
GameObject:
  m_ObjectHideFlags: 0
  m_CorrespondingSourceObject: {fileID: 0}
  m_PrefabInternal: {fileID: 100100000}
  serializedVersion: 6
  m_Component:
  - component: {fileID: 4038877333921150}
  - component: {fileID: 50516586358384054}
  - component: {fileID: 58925525357181228}
  - component: {fileID: 114346211982960396}
  - component: {fileID: 114822804865324988}
  - component: {fileID: 114684387584114408}
  - component: {fileID: 114588623951070850}
  - component: {fileID: 114729164286086452}
  - component: {fileID: 212695218696798338}
  - component: {fileID: 114251100920818692}
  m_Layer: 8
  m_Name: 4_World14_RuoiVang
  m_TagString: Enemy
  m_Icon: {fileID: 0}
  m_NavMeshLayer: 0
  m_StaticEditorFlags: 0
  m_IsActive: 1
--- !u!1 &1367443866392170
GameObject:
  m_ObjectHideFlags: 0
  m_CorrespondingSourceObject: {fileID: 0}
  m_PrefabInternal: {fileID: 100100000}
  serializedVersion: 6
  m_Component:
  - component: {fileID: 4470936045673390}
  - component: {fileID: 114746113637267068}
  m_Layer: 8
  m_Name: Gun
  m_TagString: Untagged
  m_Icon: {fileID: 0}
  m_NavMeshLayer: 0
  m_StaticEditorFlags: 0
  m_IsActive: 1
--- !u!1 &1544996991121482
GameObject:
  m_ObjectHideFlags: 1
  m_CorrespondingSourceObject: {fileID: 0}
  m_PrefabInternal: {fileID: 100100000}
  serializedVersion: 6
  m_Component:
  - component: {fileID: 4639255965082336}
  - component: {fileID: 212344291498644572}
  m_Layer: 8
  m_Name: sBarBG
  m_TagString: Untagged
  m_Icon: {fileID: 0}
  m_NavMeshLayer: 0
  m_StaticEditorFlags: 0
  m_IsActive: 0
--- !u!1 &1975847177119180
GameObject:
  m_ObjectHideFlags: 1
  m_CorrespondingSourceObject: {fileID: 0}
  m_PrefabInternal: {fileID: 100100000}
  serializedVersion: 6
  m_Component:
  - component: {fileID: 4831279304481468}
  - component: {fileID: 114314057623941478}
  m_Layer: 8
  m_Name: Bullet1
  m_TagString: Untagged
  m_Icon: {fileID: 0}
  m_NavMeshLayer: 0
  m_StaticEditorFlags: 0
  m_IsActive: 1
--- !u!4 &4038877333921150
Transform:
  m_ObjectHideFlags: 1
  m_CorrespondingSourceObject: {fileID: 0}
  m_PrefabInternal: {fileID: 100100000}
  m_GameObject: {fileID: 1302810291235368}
  m_LocalRotation: {x: -0, y: -0, z: -0, w: 1}
  m_LocalPosition: {x: -0.45, y: 7.48, z: 0}
  m_LocalScale: {x: 1, y: 1, z: 1}
  m_Children:
  - {fileID: 4187588954862596}
  - {fileID: 4739960463533790}
  - {fileID: 4470936045673390}
  m_Father: {fileID: 0}
  m_RootOrder: 0
  m_LocalEulerAnglesHint: {x: 0, y: 0, z: 0}
--- !u!4 &4187588954862596
Transform:
  m_ObjectHideFlags: 1
  m_CorrespondingSourceObject: {fileID: 0}
  m_PrefabInternal: {fileID: 100100000}
  m_GameObject: {fileID: 1212820705583374}
  m_LocalRotation: {x: 0, y: 0, z: 0, w: 1}
  m_LocalPosition: {x: 0, y: 0, z: 0}
  m_LocalScale: {x: 1, y: 1, z: 1}
  m_Children: []
  m_Father: {fileID: 4038877333921150}
  m_RootOrder: 0
  m_LocalEulerAnglesHint: {x: 0, y: 0, z: 0}
--- !u!4 &4470936045673390
Transform:
  m_ObjectHideFlags: 1
  m_CorrespondingSourceObject: {fileID: 0}
  m_PrefabInternal: {fileID: 100100000}
  m_GameObject: {fileID: 1367443866392170}
  m_LocalRotation: {x: 0, y: 0, z: 0, w: 1}
  m_LocalPosition: {x: 0, y: 0.09, z: 0}
  m_LocalScale: {x: 1, y: 1, z: 1}
  m_Children:
  - {fileID: 4831279304481468}
  m_Father: {fileID: 4038877333921150}
  m_RootOrder: 2
  m_LocalEulerAnglesHint: {x: 0, y: 0, z: 0}
--- !u!4 &4597142196977220
Transform:
  m_ObjectHideFlags: 1
  m_CorrespondingSourceObject: {fileID: 0}
  m_PrefabInternal: {fileID: 100100000}
  m_GameObject: {fileID: 1173028974839208}
  m_LocalRotation: {x: -0, y: -0, z: -0, w: 1}
  m_LocalPosition: {x: 0, y: 0, z: 0}
  m_LocalScale: {x: 1, y: 1, z: 1}
  m_Children: []
  m_Father: {fileID: 4639255965082336}
  m_RootOrder: 0
  m_LocalEulerAnglesHint: {x: 0, y: 0, z: 0}
--- !u!4 &4639255965082336
Transform:
  m_ObjectHideFlags: 1
  m_CorrespondingSourceObject: {fileID: 0}
  m_PrefabInternal: {fileID: 100100000}
  m_GameObject: {fileID: 1544996991121482}
  m_LocalRotation: {x: -0, y: -0, z: -0, w: 1}
  m_LocalPosition: {x: 0, y: -1.56, z: 0}
  m_LocalScale: {x: 1, y: 1, z: 1}
  m_Children:
  - {fileID: 4597142196977220}
  m_Father: {fileID: 4739960463533790}
  m_RootOrder: 0
  m_LocalEulerAnglesHint: {x: 0, y: 0, z: 0}
--- !u!4 &4739960463533790
Transform:
  m_ObjectHideFlags: 1
  m_CorrespondingSourceObject: {fileID: 0}
  m_PrefabInternal: {fileID: 100100000}
  m_GameObject: {fileID: 1166823954243626}
  m_LocalRotation: {x: -0, y: -0, z: -0, w: 1}
  m_LocalPosition: {x: 0, y: 0, z: 0}
  m_LocalScale: {x: 0.38, y: 0.38, z: 1}
  m_Children:
  - {fileID: 4639255965082336}
  m_Father: {fileID: 4038877333921150}
  m_RootOrder: 1
  m_LocalEulerAnglesHint: {x: 0, y: 0, z: 0}
--- !u!4 &4831279304481468
Transform:
  m_ObjectHideFlags: 1
  m_CorrespondingSourceObject: {fileID: 0}
  m_PrefabInternal: {fileID: 100100000}
  m_GameObject: {fileID: 1975847177119180}
  m_LocalRotation: {x: 0, y: 0, z: 0, w: 1}
  m_LocalPosition: {x: 0, y: 0, z: 0}
  m_LocalScale: {x: 1, y: 1, z: 1}
  m_Children: []
  m_Father: {fileID: 4470936045673390}
  m_RootOrder: 0
  m_LocalEulerAnglesHint: {x: 0, y: 0, z: 0}
--- !u!23 &23872024581688518
MeshRenderer:
  m_ObjectHideFlags: 1
  m_CorrespondingSourceObject: {fileID: 0}
  m_PrefabInternal: {fileID: 100100000}
  m_GameObject: {fileID: 1173028974839208}
  m_Enabled: 1
  m_CastShadows: 1
  m_ReceiveShadows: 1
  m_DynamicOccludee: 1
  m_MotionVectors: 1
  m_LightProbeUsage: 1
  m_ReflectionProbeUsage: 1
  m_RenderingLayerMask: 4294967295
  m_Materials:
  - {fileID: 2100000, guid: b92f043f961495d44b52ac9e240b4dbd, type: 2}
  m_StaticBatchInfo:
    firstSubMesh: 0
    subMeshCount: 0
  m_StaticBatchRoot: {fileID: 0}
  m_ProbeAnchor: {fileID: 0}
  m_LightProbeVolumeOverride: {fileID: 0}
  m_ScaleInLightmap: 1
  m_PreserveUVs: 0
  m_IgnoreNormalsForChartDetection: 0
  m_ImportantGI: 0
  m_StitchLightmapSeams: 0
  m_SelectedEditorRenderState: 3
  m_MinimumChartSize: 4
  m_AutoUVMaxDistance: 0.5
  m_AutoUVMaxAngle: 89
  m_LightmapParameters: {fileID: 0}
  m_SortingLayerID: 0
  m_SortingLayer: 0
  m_SortingOrder: 12
--- !u!33 &33629467007477086
MeshFilter:
  m_ObjectHideFlags: 1
  m_CorrespondingSourceObject: {fileID: 0}
  m_PrefabInternal: {fileID: 100100000}
  m_GameObject: {fileID: 1173028974839208}
  m_Mesh: {fileID: 0}
--- !u!50 &50516586358384054
Rigidbody2D:
  serializedVersion: 4
  m_ObjectHideFlags: 1
  m_CorrespondingSourceObject: {fileID: 0}
  m_PrefabInternal: {fileID: 100100000}
  m_GameObject: {fileID: 1302810291235368}
  m_BodyType: 1
  m_Simulated: 1
  m_UseFullKinematicContacts: 0
  m_UseAutoMass: 0
  m_Mass: 1
  m_LinearDrag: 0
  m_AngularDrag: 0.05
  m_GravityScale: 1
  m_Material: {fileID: 0}
  m_Interpolate: 0
  m_SleepingMode: 1
  m_CollisionDetection: 0
  m_Constraints: 0
--- !u!58 &58925525357181228
CircleCollider2D:
  m_ObjectHideFlags: 1
  m_CorrespondingSourceObject: {fileID: 0}
  m_PrefabInternal: {fileID: 100100000}
  m_GameObject: {fileID: 1302810291235368}
  m_Enabled: 1
  m_Density: 1
  m_Material: {fileID: 0}
  m_IsTrigger: 1
  m_UsedByEffector: 0
  m_UsedByComposite: 0
  m_Offset: {x: 0, y: -0.09}
  serializedVersion: 2
  m_Radius: 0.32
--- !u!95 &95137836908896924
Animator:
  serializedVersion: 3
  m_ObjectHideFlags: 1
  m_CorrespondingSourceObject: {fileID: 0}
  m_PrefabInternal: {fileID: 100100000}
  m_GameObject: {fileID: 1212820705583374}
  m_Enabled: 1
  m_Avatar: {fileID: 0}
  m_Controller: {fileID: 9100000, guid: 583b42e7c89f7614abfa55871637a356, type: 2}
  m_CullingMode: 0
  m_UpdateMode: 0
  m_ApplyRootMotion: 0
  m_LinearVelocityBlending: 0
  m_WarningMessage: 
  m_HasTransformHierarchy: 1
  m_AllowConstantClipSamplingOptimization: 1
  m_KeepAnimatorControllerStateOnDisable: 0
--- !u!114 &114011364444466294
MonoBehaviour:
  m_ObjectHideFlags: 1
  m_CorrespondingSourceObject: {fileID: 0}
  m_PrefabInternal: {fileID: 100100000}
  m_GameObject: {fileID: 1212820705583374}
  m_Enabled: 1
  m_EditorHideFlags: 0
  m_Script: {fileID: 11500000, guid: 6e62b67b05d64d846bd0fa0d011278ed, type: 3}
  m_Name: 
  m_EditorClassIdentifier: 
  typeEnemy: 
  tween_MuiTenXanh_Rung: {fileID: 0}
--- !u!114 &114251100920818692
MonoBehaviour:
  m_ObjectHideFlags: 1
  m_CorrespondingSourceObject: {fileID: 0}
  m_PrefabInternal: {fileID: 100100000}
  m_GameObject: {fileID: 1302810291235368}
  m_Enabled: 1
  m_EditorHideFlags: 0
  m_Script: {fileID: 11500000, guid: 6d4b8170872abc347a2d21aad4bfd770, type: 3}
  m_Name: 
  m_EditorClassIdentifier: 
  enemyCollisionBase: {fileID: 114684387584114408}
--- !u!114 &114314057623941478
MonoBehaviour:
  m_ObjectHideFlags: 1
  m_CorrespondingSourceObject: {fileID: 0}
  m_PrefabInternal: {fileID: 100100000}
  m_GameObject: {fileID: 1975847177119180}
  m_Enabled: 1
  m_EditorHideFlags: 0
  m_Script: {fileID: 11500000, guid: 70962cc7743ab4dfa909076da4818d78, type: 3}
  m_Name: 
  m_EditorClassIdentifier: 
  m_bulletPrefab: {fileID: 1138240931308918, guid: 47cbb935bc0bf1440a96ee18a9839319,
    type: 2}
  m_bulletNum: 5
  m_bulletSpeed: 5
  m_accelerationSpeed: 0
  m_useMaxSpeed: 0
  m_maxSpeed: 0
  m_useMinSpeed: 0
  m_minSpeed: 0
  m_accelerationTurn: 0
  m_usePauseAndResume: 0
  m_pauseTime: 0
  m_resumeTime: 0
  m_useAutoRelease: 0
  m_autoReleaseTime: 10
  m_shotFiredCallbackEvents:
    m_PersistentCalls:
      m_Calls: []
    m_TypeName: UnityEngine.Events.UnityEvent, UnityEngine.CoreModule, Version=0.0.0.0,
      Culture=neutral, PublicKeyToken=null
  m_shotFinishedCallbackEvents:
    m_PersistentCalls:
      m_Calls:
      - m_Target: {fileID: 114011364444466294}
        m_MethodName: ChangeAnim_Atk_To_Idle
        m_Mode: 1
        m_Arguments:
          m_ObjectArgument: {fileID: 0}
          m_ObjectArgumentAssemblyTypeName: UnityEngine.Object, UnityEngine
          m_IntArgument: 0
          m_FloatArgument: 0
          m_StringArgument: 
          m_BoolArgument: 0
        m_CallState: 2
    m_TypeName: UnityEngine.Events.UnityEvent, UnityEngine.CoreModule, Version=0.0.0.0,
      Culture=neutral, PublicKeyToken=null
  m_wayNum: 5
  m_centerAngle: 180
  m_betweenAngle: 15
  m_nextLineDelay: 0.15
--- !u!114 &114346211982960396
MonoBehaviour:
  m_ObjectHideFlags: 1
  m_CorrespondingSourceObject: {fileID: 0}
  m_PrefabInternal: {fileID: 100100000}
  m_GameObject: {fileID: 1302810291235368}
  m_Enabled: 1
  m_EditorHideFlags: 0
  m_Script: {fileID: 11500000, guid: 4a2d9078dbe17bc4f966c9d2310be047, type: 3}
  m_Name: 
  m_EditorClassIdentifier: 
  pathContainer: {fileID: 0}
  onStart: 0
  moveToPath: 0
  reverse: 0
  startPoint: 0
  currentPoint: 0
  closeLoop: 0
  local: 0
  lookAhead: 0
  sizeToAdd: 0
  timeValue: 1
  speed: 5
  animEaseType:
    serializedVersion: 2
    m_Curve:
    - serializedVersion: 3
      time: 0
      value: 1
      inSlope: 0
      outSlope: 0
      tangentMode: 0
      weightedMode: 0
      inWeight: 0.33333334
      outWeight: 0.33333334
    - serializedVersion: 3
      time: 1
      value: 1
      inSlope: 0
      outSlope: 0
      tangentMode: 0
      weightedMode: 0
      inWeight: 0.33333334
      outWeight: 0.33333334
    m_PreInfinity: 2
    m_PostInfinity: 2
    m_RotationOrder: 0
  loopType: 0
  waypoints: []
  events: []
  pathType: 1
  pathMode: 0
  easeType: 1
  lockPosition: 0
  lockRotation: 0
  waypointRotation: 0
  rotationTarget: {fileID: 0}
--- !u!114 &114588623951070850
MonoBehaviour:
  m_ObjectHideFlags: 1
  m_CorrespondingSourceObject: {fileID: 0}
  m_PrefabInternal: {fileID: 100100000}
  m_GameObject: {fileID: 1302810291235368}
  m_Enabled: 1
  m_EditorHideFlags: 0
  m_Script: {fileID: 11500000, guid: d32ee741d6930f44785b12be42d73734, type: 3}
  m_Name: 
  m_EditorClassIdentifier: 
  rateDropCoin: 30
  valueDropMin: 5
  valueDropMax: 10
  coinCopperPrefab: {fileID: 1805803035342068, guid: eff75fb40b795094592e205e68380f00,
    type: 2}
  coinSilverPrefab: {fileID: 1658199328922322, guid: 765286d4653caf547af49820ccbb020c,
    type: 2}
  coinGoldPrefab: {fileID: 1327589386488948, guid: fe8a9e3336aa7b14892344db7da76f8e,
    type: 2}
  coinDiamondPrefab: {fileID: 1002028682315720, guid: c60be51fac1172d45aa127b1e8e9812b,
    type: 2}
  valueDropCoinRandom: 0
  rateDropGem: 0
  valueDropGemMin: 0
  valueDropGemMax: 0
  gemPrefab: {fileID: 1805803035342068, guid: 3f39914bd77bdb04babe9546d031c7d3, type: 2}
  valueDropGemRandom: 0
  listRateItemDrop:
  - name: Power-up
    rateDropItem: 4
    itemObj: {fileID: 1999215372722890, guid: ba16aa3b8e1be974ebadb53d2c4bf30b, type: 2}
  - name: Laser
    rateDropItem: 2
    itemObj: {fileID: 1917983298495130, guid: dc5d4b4c51415fa46a7597fa4604f2d2, type: 2}
  - name: HomingMissile
    rateDropItem: 2
    itemObj: {fileID: 1617543552977032, guid: 102e275098213cd42b15d1620f163af4, type: 2}
  - name: Time Sphere
    rateDropItem: 2
    itemObj: {fileID: 1973257354221794, guid: 53204cfff1dd9a84fbcd04f292f36113, type: 2}
  - name: Life
    rateDropItem: 0
    itemObj: {fileID: 1741232176277680, guid: 181f5f67450bce74f91b347105084e75, type: 2}
  - name: SpeedShot
    rateDropItem: 6
    itemObj: {fileID: 1973257354221794, guid: f8e01b503b70b59499ab9ce6c45b913c, type: 2}
  - name: WindSlash
    rateDropItem: 3
    itemObj: {fileID: 1065940536247614, guid: 8c8b406f782639f45af29620222d840a, type: 2}
  listRateCardDrop: []
  rateDropItemEvents: 70
  numItemEventDrop: 1
  itemEventsPrefab: {fileID: 1366242504247838, guid: 0e6cde9bcee13334b938131f974737a1,
    type: 2}
  rateDropItemEnergy: 60
  itemEnergyPrefab: {fileID: 1661869251065830, guid: 27eebd96607daa24bb0fd9b7fe116c0d,
    type: 2}
--- !u!114 &114684387584114408
MonoBehaviour:
  m_ObjectHideFlags: 1
  m_CorrespondingSourceObject: {fileID: 0}
  m_PrefabInternal: {fileID: 100100000}
  m_GameObject: {fileID: 1302810291235368}
  m_Enabled: 1
  m_EditorHideFlags: 0
  m_Script: {fileID: 11500000, guid: 0675c9a50b437d7488c24e0432e6691a, type: 3}
  m_Name: 
  m_EditorClassIdentifier: 
  baseEnemy: {fileID: 0}
--- !u!114 &114729164286086452
MonoBehaviour:
  m_ObjectHideFlags: 1
  m_CorrespondingSourceObject: {fileID: 0}
  m_PrefabInternal: {fileID: 100100000}
  m_GameObject: {fileID: 1302810291235368}
  m_Enabled: 1
  m_EditorHideFlags: 0
  m_Script: {fileID: 11500000, guid: b121fb9b8b3c0ff44b1d349b50e11dbf, type: 3}
  m_Name: 
  m_EditorClassIdentifier: 
  enemyInScreen: 0
--- !u!114 &114740691057145834
MonoBehaviour:
  m_ObjectHideFlags: 1
  m_CorrespondingSourceObject: {fileID: 0}
  m_PrefabInternal: {fileID: 100100000}
  m_GameObject: {fileID: 1166823954243626}
  m_Enabled: 1
  m_EditorHideFlags: 0
  m_Script: {fileID: 11500000, guid: 453832ba07446914ba72984f85045559, type: 3}
  m_Name: 
  m_EditorClassIdentifier: 
  useHpBar: 1
  rotateHpBar: 0
  timeDelayHide: 0.28
  parentHpBar: {fileID: 1166823954243626}
  sBgBar: {fileID: 1544996991121482}
  tk2dClippedHp: {fileID: 114823192061019590}
  baseEnemyTransIns: {fileID: 0}
--- !u!114 &114746113637267068
MonoBehaviour:
  m_ObjectHideFlags: 1
  m_CorrespondingSourceObject: {fileID: 0}
  m_PrefabInternal: {fileID: 100100000}
  m_GameObject: {fileID: 1367443866392170}
  m_Enabled: 1
  m_EditorHideFlags: 0
  m_Script: {fileID: 11500000, guid: f4f0f29fa90c15e4ca1c2e77ce62f18a, type: 3}
  m_Name: 
  m_EditorClassIdentifier: 
  m_axisMove: 0
  m_inheritAngle: 0
  m_startOnAwake: 0
  m_startOnAwakeDelay: 3
  m_loop: 1
  m_atRandom: 0
  m_shotList:
  - m_shotObj: {fileID: 114314057623941478}
    m_afterDelay: 5
  m_shotRoutineFinishedCallbackEvents:
    m_PersistentCalls:
      m_Calls:
      - m_Target: {fileID: 0}
        m_MethodName: 
        m_Mode: 1
        m_Arguments:
          m_ObjectArgument: {fileID: 0}
          m_ObjectArgumentAssemblyTypeName: 
          m_IntArgument: 0
          m_FloatArgument: 0
          m_StringArgument: 
          m_BoolArgument: 0
        m_CallState: 2
    m_TypeName: UnityEngine.Events.UnityEvent, UnityEngine.CoreModule, Version=0.0.0.0,
      Culture=neutral, PublicKeyToken=null
--- !u!114 &114822804865324988
MonoBehaviour:
  m_ObjectHideFlags: 1
  m_CorrespondingSourceObject: {fileID: 0}
  m_PrefabInternal: {fileID: 100100000}
  m_GameObject: {fileID: 1302810291235368}
  m_Enabled: 1
  m_EditorHideFlags: 0
  m_Script: {fileID: 11500000, guid: 623252fdd281fd549b1880113a718b5a, type: 3}
  m_Name: 
  m_EditorClassIdentifier: 
  enemyCollisionBase: {fileID: 0}
  ID: Enemy2Normal_Ruoi
  uid: 0
  score: 17800
  maxHP: 17800
  currentHP: 0
  index: 0
  dieExplosion: {fileID: 0}
  fxDie: 0
  deadEvent:
    m_PersistentCalls:
      m_Calls: []
    m_TypeName: UnityEngine.Events.UnityEvent, UnityEngine.CoreModule, Version=0.0.0.0,
      Culture=neutral, PublicKeyToken=null
  forceRemoveEvent:
    m_PersistentCalls:
      m_Calls: []
    m_TypeName: UnityEngine.Events.UnityEvent, UnityEngine.CoreModule, Version=0.0.0.0,
      Culture=neutral, PublicKeyToken=null
  m_Action:
  - displayName: ShootLoop
    action:
      m_PersistentCalls:
        m_Calls:
        - m_Target: {fileID: 114822804865324988}
          m_MethodName: ShootLoop
          m_Mode: 4
          m_Arguments:
            m_ObjectArgument: {fileID: 0}
            m_ObjectArgumentAssemblyTypeName: UnityEngine.Object, UnityEngine
            m_IntArgument: 0
            m_FloatArgument: 3
            m_StringArgument: 
            m_BoolArgument: 0
          m_CallState: 2
      m_TypeName: UnityEngine.Events.UnityEvent, UnityEngine.CoreModule, Version=0.0.0.0,
        Culture=neutral, PublicKeyToken=null
  - displayName: DropItem
    action:
      m_PersistentCalls:
        m_Calls:
        - m_Target: {fileID: 114822804865324988}
          m_MethodName: DropItem
          m_Mode: 1
          m_Arguments:
            m_ObjectArgument: {fileID: 0}
            m_ObjectArgumentAssemblyTypeName: UnityEngine.Object, UnityEngine
            m_IntArgument: 0
            m_FloatArgument: 0
            m_StringArgument: 
            m_BoolArgument: 0
          m_CallState: 2
      m_TypeName: UnityEngine.Events.UnityEvent, UnityEngine.CoreModule, Version=0.0.0.0,
        Culture=neutral, PublicKeyToken=null
  - displayName: ChangeSpeed
    action:
      m_PersistentCalls:
        m_Calls:
        - m_Target: {fileID: 114822804865324988}
          m_MethodName: ChangeSpeed
          m_Mode: 1
          m_Arguments:
            m_ObjectArgument: {fileID: 0}
            m_ObjectArgumentAssemblyTypeName: UnityEngine.Object, UnityEngine
            m_IntArgument: 0
            m_FloatArgument: 0
            m_StringArgument: 
            m_BoolArgument: 0
          m_CallState: 2
      m_TypeName: UnityEngine.Events.UnityEvent, UnityEngine.CoreModule, Version=0.0.0.0,
        Culture=neutral, PublicKeyToken=null
  - displayName: ChangeToPathLoop
    action:
      m_PersistentCalls:
        m_Calls:
        - m_Target: {fileID: 114822804865324988}
          m_MethodName: ChangeToPathLoop
          m_Mode: 1
          m_Arguments:
            m_ObjectArgument: {fileID: 0}
            m_ObjectArgumentAssemblyTypeName: UnityEngine.Object, UnityEngine
            m_IntArgument: 0
            m_FloatArgument: 0
            m_StringArgument: 
            m_BoolArgument: 0
          m_CallState: 2
      m_TypeName: UnityEngine.Events.UnityEvent, UnityEngine.CoreModule, Version=0.0.0.0,
        Culture=neutral, PublicKeyToken=null
  - displayName: PauseAndShootLoop
    action:
      m_PersistentCalls:
        m_Calls:
        - m_Target: {fileID: 114822804865324988}
          m_MethodName: PauseAndShootLoop
          m_Mode: 4
          m_Arguments:
            m_ObjectArgument: {fileID: 0}
            m_ObjectArgumentAssemblyTypeName: UnityEngine.Object, UnityEngine
            m_IntArgument: 0
            m_FloatArgument: 5
            m_StringArgument: 
            m_BoolArgument: 0
          m_CallState: 2
      m_TypeName: UnityEngine.Events.UnityEvent, UnityEngine.CoreModule, Version=0.0.0.0,
        Culture=neutral, PublicKeyToken=null
  isRemoved: 0
  properties: []
  newSpeed: 0
  timeActionPause: 0
  newPath_Loop: {fileID: 0}
  posStartPathLoop: {x: 0, y: 0, z: 0}
  syncAnimation: 1
  gunCtrlList:
  - {fileID: 114746113637267068}
  enemyChangeGunIns: {fileID: 0}
  enemyHpBarIns: {fileID: 114740691057145834}
  enemyIsInScene: 0
--- !u!114 &114823192061019590
MonoBehaviour:
  m_ObjectHideFlags: 1
  m_CorrespondingSourceObject: {fileID: 0}
  m_PrefabInternal: {fileID: 100100000}
  m_GameObject: {fileID: 1173028974839208}
  m_Enabled: 1
  m_EditorHideFlags: 0
  m_Script: {fileID: 11500000, guid: 203665e0cb9d1c342aebb15f96fed059, type: 3}
  m_Name: 
  m_EditorClassIdentifier: 
  collection: {fileID: 114810551548989576, guid: f484c540913ba554ab939be1e0efde68,
    type: 2}
  _color: {r: 1, g: 1, b: 1, a: 1}
  _scale: {x: 1, y: 1, z: 1}
  _spriteId: 0
  boxCollider2D: {fileID: 0}
  polygonCollider2D: []
  edgeCollider2D: []
  boxCollider: {fileID: 0}
  meshCollider: {fileID: 0}
  meshColliderPositions: []
  meshColliderMesh: {fileID: 0}
  renderLayer: 12
  _clipBottomLeft: {x: -0.36, y: 0}
  _clipTopRight: {x: 0.63999987, y: 1}
  _createBoxCollider: 0
--- !u!212 &212295627295226842
SpriteRenderer:
  m_ObjectHideFlags: 1
  m_CorrespondingSourceObject: {fileID: 0}
  m_PrefabInternal: {fileID: 100100000}
  m_GameObject: {fileID: 1212820705583374}
  m_Enabled: 1
  m_CastShadows: 0
  m_ReceiveShadows: 0
  m_DynamicOccludee: 1
  m_MotionVectors: 1
  m_LightProbeUsage: 1
  m_ReflectionProbeUsage: 1
  m_RenderingLayerMask: 4294967295
  m_Materials:
  - {fileID: 10754, guid: 0000000000000000f000000000000000, type: 0}
  m_StaticBatchInfo:
    firstSubMesh: 0
    subMeshCount: 0
  m_StaticBatchRoot: {fileID: 0}
  m_ProbeAnchor: {fileID: 0}
  m_LightProbeVolumeOverride: {fileID: 0}
  m_ScaleInLightmap: 1
  m_PreserveUVs: 0
  m_IgnoreNormalsForChartDetection: 0
  m_ImportantGI: 0
  m_StitchLightmapSeams: 0
  m_SelectedEditorRenderState: 0
  m_MinimumChartSize: 4
  m_AutoUVMaxDistance: 0.5
  m_AutoUVMaxAngle: 89
  m_LightmapParameters: {fileID: 0}
  m_SortingLayerID: 0
  m_SortingLayer: 0
  m_SortingOrder: 11
  m_Sprite: {fileID: 21300000, guid: 54ad2bafac21fe8438b3974aa0cc5ed1, type: 3}
  m_Color: {r: 1, g: 1, b: 1, a: 1}
  m_FlipX: 0
  m_FlipY: 0
  m_DrawMode: 0
  m_Size: {x: 1.24, y: 0.83}
  m_AdaptiveModeThreshold: 0.5
  m_SpriteTileMode: 0
  m_WasSpriteAssigned: 1
  m_MaskInteraction: 0
  m_SpriteSortPoint: 0
--- !u!212 &212344291498644572
SpriteRenderer:
  m_ObjectHideFlags: 1
  m_CorrespondingSourceObject: {fileID: 0}
  m_PrefabInternal: {fileID: 100100000}
  m_GameObject: {fileID: 1544996991121482}
  m_Enabled: 1
  m_CastShadows: 0
  m_ReceiveShadows: 0
  m_DynamicOccludee: 1
  m_MotionVectors: 1
  m_LightProbeUsage: 1
  m_ReflectionProbeUsage: 1
  m_RenderingLayerMask: 4294967295
  m_Materials:
  - {fileID: 10754, guid: 0000000000000000f000000000000000, type: 0}
  m_StaticBatchInfo:
    firstSubMesh: 0
    subMeshCount: 0
  m_StaticBatchRoot: {fileID: 0}
  m_ProbeAnchor: {fileID: 0}
  m_LightProbeVolumeOverride: {fileID: 0}
  m_ScaleInLightmap: 1
  m_PreserveUVs: 0
  m_IgnoreNormalsForChartDetection: 0
  m_ImportantGI: 0
  m_StitchLightmapSeams: 0
  m_SelectedEditorRenderState: 0
  m_MinimumChartSize: 4
  m_AutoUVMaxDistance: 0.5
  m_AutoUVMaxAngle: 89
  m_LightmapParameters: {fileID: 0}
  m_SortingLayerID: 0
  m_SortingLayer: 0
  m_SortingOrder: 11
  m_Sprite: {fileID: 21300000, guid: 363508cd7ff021245b45f4e761a10c75, type: 3}
  m_Color: {r: 1, g: 1, b: 1, a: 1}
  m_FlipX: 0
  m_FlipY: 0
  m_DrawMode: 0
  m_Size: {x: 1.24, y: 0.83}
  m_AdaptiveModeThreshold: 0.5
  m_SpriteTileMode: 0
  m_WasSpriteAssigned: 1
  m_MaskInteraction: 0
  m_SpriteSortPoint: 0
--- !u!212 &212695218696798338
SpriteRenderer:
  m_ObjectHideFlags: 1
  m_CorrespondingSourceObject: {fileID: 0}
  m_PrefabInternal: {fileID: 100100000}
  m_GameObject: {fileID: 1302810291235368}
  m_Enabled: 1
  m_CastShadows: 0
  m_ReceiveShadows: 0
  m_DynamicOccludee: 1
  m_MotionVectors: 1
  m_LightProbeUsage: 1
  m_ReflectionProbeUsage: 1
  m_RenderingLayerMask: 4294967295
  m_Materials:
  - {fileID: 10754, guid: 0000000000000000f000000000000000, type: 0}
  m_StaticBatchInfo:
    firstSubMesh: 0
    subMeshCount: 0
  m_StaticBatchRoot: {fileID: 0}
  m_ProbeAnchor: {fileID: 0}
  m_LightProbeVolumeOverride: {fileID: 0}
  m_ScaleInLightmap: 1
  m_PreserveUVs: 0
  m_IgnoreNormalsForChartDetection: 0
  m_ImportantGI: 0
  m_StitchLightmapSeams: 0
  m_SelectedEditorRenderState: 0
  m_MinimumChartSize: 4
  m_AutoUVMaxDistance: 0.5
  m_AutoUVMaxAngle: 89
  m_LightmapParameters: {fileID: 0}
  m_SortingLayerID: 0
  m_SortingLayer: 0
  m_SortingOrder: 0
  m_Sprite: {fileID: 0}
  m_Color: {r: 1, g: 1, b: 1, a: 1}
  m_FlipX: 0
  m_FlipY: 0
  m_DrawMode: 0
  m_Size: {x: 1, y: 1}
  m_AdaptiveModeThreshold: 0.5
  m_SpriteTileMode: 0
  m_WasSpriteAssigned: 0
  m_MaskInteraction: 0
  m_SpriteSortPoint: 0
