%YAML 1.1
%TAG !u! tag:unity3d.com,2011:
--- !u!1001 &100100000
Prefab:
  m_ObjectHideFlags: 1
  serializedVersion: 2
  m_Modification:
    m_TransformParent: {fileID: 0}
    m_Modifications: []
    m_RemovedComponents: []
  m_ParentPrefab: {fileID: 0}
  m_RootGameObject: {fileID: 1800519114499122}
  m_IsPrefabParent: 1
--- !u!1 &1093596553370796
GameObject:
  m_ObjectHideFlags: 0
  m_PrefabParentObject: {fileID: 0}
  m_PrefabInternal: {fileID: 100100000}
  serializedVersion: 5
  m_Component:
  - component: {fileID: 4448745985746154}
  - component: {fileID: 114006315945995426}
  m_Layer: 0
  m_Name: Nhang 4
  m_TagString: Untagged
  m_Icon: {fileID: 0}
  m_NavMeshLayer: 0
  m_StaticEditorFlags: 0
  m_IsActive: 1
--- !u!1 &1294443212014134
GameObject:
  m_ObjectHideFlags: 0
  m_PrefabParentObject: {fileID: 0}
  m_PrefabInternal: {fileID: 100100000}
  serializedVersion: 5
  m_Component:
  - component: {fileID: 4820800376952022}
  - component: {fileID: 114327742045837694}
  m_Layer: 0
  m_Name: 'Nhang 4 '
  m_TagString: Untagged
  m_Icon: {fileID: 0}
  m_NavMeshLayer: 0
  m_StaticEditorFlags: 0
  m_IsActive: 1
--- !u!1 &1509606458550662
GameObject:
  m_ObjectHideFlags: 0
  m_PrefabParentObject: {fileID: 0}
  m_PrefabInternal: {fileID: 100100000}
  serializedVersion: 5
  m_Component:
  - component: {fileID: 4225273431790112}
  - component: {fileID: 114897314003441942}
  m_Layer: 0
  m_Name: Nhang 4
  m_TagString: Untagged
  m_Icon: {fileID: 0}
  m_NavMeshLayer: 0
  m_StaticEditorFlags: 0
  m_IsActive: 1
--- !u!1 &1800519114499122
GameObject:
  m_ObjectHideFlags: 0
  m_PrefabParentObject: {fileID: 0}
  m_PrefabInternal: {fileID: 100100000}
  serializedVersion: 5
  m_Component:
  - component: {fileID: 4973636285486344}
  - component: {fileID: 114179314470677950}
  m_Layer: 0
  m_Name: World Halloween Easy 40
  m_TagString: Untagged
  m_Icon: {fileID: 0}
  m_NavMeshLayer: 0
  m_StaticEditorFlags: 0
  m_IsActive: 1
--- !u!1 &1927774379827400
GameObject:
  m_ObjectHideFlags: 0
  m_PrefabParentObject: {fileID: 0}
  m_PrefabInternal: {fileID: 100100000}
  serializedVersion: 5
  m_Component:
  - component: {fileID: 4586216443239856}
  - component: {fileID: 114685193589642002}
  m_Layer: 0
  m_Name: Nhang 4
  m_TagString: Untagged
  m_Icon: {fileID: 0}
  m_NavMeshLayer: 0
  m_StaticEditorFlags: 0
  m_IsActive: 1
--- !u!4 &4225273431790112
Transform:
  m_ObjectHideFlags: 1
  m_PrefabParentObject: {fileID: 0}
  m_PrefabInternal: {fileID: 100100000}
  m_GameObject: {fileID: 1509606458550662}
  m_LocalRotation: {x: -0, y: -0, z: -0, w: 1}
  m_LocalPosition: {x: -0.89, y: 8.86, z: 0}
  m_LocalScale: {x: 1, y: 1, z: 1}
  m_Children: []
  m_Father: {fileID: 4973636285486344}
  m_RootOrder: 3
  m_LocalEulerAnglesHint: {x: 0, y: 0, z: 0}
--- !u!4 &4448745985746154
Transform:
  m_ObjectHideFlags: 1
  m_PrefabParentObject: {fileID: 0}
  m_PrefabInternal: {fileID: 100100000}
  m_GameObject: {fileID: 1093596553370796}
  m_LocalRotation: {x: -0, y: -0, z: -0, w: 1}
  m_LocalPosition: {x: -2.73, y: 8.86, z: 0}
  m_LocalScale: {x: 1, y: 1, z: 1}
  m_Children: []
  m_Father: {fileID: 4973636285486344}
  m_RootOrder: 1
  m_LocalEulerAnglesHint: {x: 0, y: 0, z: 0}
--- !u!4 &4586216443239856
Transform:
  m_ObjectHideFlags: 1
  m_PrefabParentObject: {fileID: 0}
  m_PrefabInternal: {fileID: 100100000}
  m_GameObject: {fileID: 1927774379827400}
  m_LocalRotation: {x: -0, y: -0, z: -0, w: 1}
  m_LocalPosition: {x: 3.07, y: 8.96, z: 0}
  m_LocalScale: {x: 1, y: 1, z: 1}
  m_Children: []
  m_Father: {fileID: 4973636285486344}
  m_RootOrder: 0
  m_LocalEulerAnglesHint: {x: 0, y: 0, z: 0}
--- !u!4 &4820800376952022
Transform:
  m_ObjectHideFlags: 1
  m_PrefabParentObject: {fileID: 0}
  m_PrefabInternal: {fileID: 100100000}
  m_GameObject: {fileID: 1294443212014134}
  m_LocalRotation: {x: -0, y: -0, z: -0, w: 1}
  m_LocalPosition: {x: 1.79, y: 9, z: 0}
  m_LocalScale: {x: 1, y: 1, z: 1}
  m_Children: []
  m_Father: {fileID: 4973636285486344}
  m_RootOrder: 2
  m_LocalEulerAnglesHint: {x: 0, y: 0, z: 0}
--- !u!4 &4973636285486344
Transform:
  m_ObjectHideFlags: 1
  m_PrefabParentObject: {fileID: 0}
  m_PrefabInternal: {fileID: 100100000}
  m_GameObject: {fileID: 1800519114499122}
  m_LocalRotation: {x: -0, y: -0, z: -0, w: 1}
  m_LocalPosition: {x: 0, y: 0, z: 0}
  m_LocalScale: {x: 1, y: 1, z: 1}
  m_Children:
  - {fileID: 4586216443239856}
  - {fileID: 4448745985746154}
  - {fileID: 4820800376952022}
  - {fileID: 4225273431790112}
  m_Father: {fileID: 0}
  m_RootOrder: 0
  m_LocalEulerAnglesHint: {x: 0, y: 0, z: 0}
--- !u!114 &114006315945995426
MonoBehaviour:
  m_ObjectHideFlags: 1
  m_PrefabParentObject: {fileID: 0}
  m_PrefabInternal: {fileID: 100100000}
  m_GameObject: {fileID: 1093596553370796}
  m_Enabled: 1
  m_EditorHideFlags: 0
  m_Script: {fileID: 11500000, guid: 759cc6e4e9140f445b13d21f97c413f4, type: 3}
  m_Name: 
  m_EditorClassIdentifier: 
  path: {fileID: 114098866844511184, guid: 2fad8aeb9af271c48a5bae2cad4764a9, type: 2}
  timeToBegin: 0.5
  timeToEnd: -1
  timeToNextEnemy: 0.6
  totalEnemy: 1
  listMiniTurn:
  - enemyPrefab: {fileID: 1499926554462132, guid: 87a4d88b8f8ea9f4da993a34d935ba11,
      type: 2}
    properties: []
    pointAndAction:
    - listAcitonName:
      - ShootLoop
      - DropItem
      - ChangeSpeed
      - ChangeToPathLoop
      - PauseAndShootLoop
      type: Dead by player
      x: 0
      actionName: DropItem
    - listAcitonName:
      - ShootLoop
      - DropItem
      - ChangeSpeed
      - ChangeToPathLoop
      - PauseAndShootLoop
      type: Point = X
      x: 1
      actionName: ChangeSpeed
    - listAcitonName:
      - ShootLoop
      - DropItem
      - ChangeSpeed
      - ChangeToPathLoop
      - PauseAndShootLoop
      type: After X Millisecond
      x: 500
      actionName: ShootLoop
    newSpeed: 3
    timePauseAction: 0.5
    newPath: {fileID: 114845254437007288, guid: 63e1e2d166cef3b4f9254bfb1fd9ab92,
      type: 2}
    posStartPathNew: {x: 0, y: 0, z: 0}
    syncAnimation: 0
    enemyStartByNumber: 1
    number: 8
    enemyStartByPosition: 0
    startPosition:
    - {x: 0, y: 0}
    - {x: 1, y: 1}
    - {x: -1, y: 1}
    - {x: 0, y: 2}
    - {x: 1, y: 3}
    - {x: -1, y: 3}
    - {x: 0, y: 4}
  changeDurationCamera:
    changeSpeedCamera: 0
    speedBG: 2
    speedDecor: 2.6
    timeChange: 3
--- !u!114 &114179314470677950
MonoBehaviour:
  m_ObjectHideFlags: 1
  m_PrefabParentObject: {fileID: 0}
  m_PrefabInternal: {fileID: 100100000}
  m_GameObject: {fileID: 1800519114499122}
  m_Enabled: 1
  m_EditorHideFlags: 0
  m_Script: {fileID: 11500000, guid: fc7a5de42f2567642b9024df07f4b5dd, type: 3}
  m_Name: 
  m_EditorClassIdentifier: 
  StartTurnAsync: 0
  mTM: []
--- !u!114 &114327742045837694
MonoBehaviour:
  m_ObjectHideFlags: 1
  m_PrefabParentObject: {fileID: 0}
  m_PrefabInternal: {fileID: 100100000}
  m_GameObject: {fileID: 1294443212014134}
  m_Enabled: 1
  m_EditorHideFlags: 0
  m_Script: {fileID: 11500000, guid: 759cc6e4e9140f445b13d21f97c413f4, type: 3}
  m_Name: 
  m_EditorClassIdentifier: 
  path: {fileID: 114098866844511184, guid: b817f8fc66bdcaf41a4919eaa36e2ae6, type: 2}
  timeToBegin: 3
  timeToEnd: -1
  timeToNextEnemy: 0.6
  totalEnemy: 1
  listMiniTurn:
  - enemyPrefab: {fileID: 1499926554462132, guid: 87a4d88b8f8ea9f4da993a34d935ba11,
      type: 2}
    properties: []
    pointAndAction:
    - listAcitonName:
      - ShootLoop
      - DropItem
      - ChangeSpeed
      - ChangeToPathLoop
      - PauseAndShootLoop
      type: Dead by player
      x: 0
      actionName: DropItem
    - listAcitonName:
      - ShootLoop
      - DropItem
      - ChangeSpeed
      - ChangeToPathLoop
      - PauseAndShootLoop
      type: Point = X
      x: 1
      actionName: ChangeSpeed
    - listAcitonName:
      - ShootLoop
      - DropItem
      - ChangeSpeed
      - ChangeToPathLoop
      - PauseAndShootLoop
      type: After X Millisecond
      x: 500
      actionName: ShootLoop
    newSpeed: 3
    timePauseAction: 0.5
    newPath: {fileID: 114845254437007288, guid: 63e1e2d166cef3b4f9254bfb1fd9ab92,
      type: 2}
    posStartPathNew: {x: 0, y: 0, z: 0}
    syncAnimation: 0
    enemyStartByNumber: 1
    number: 8
    enemyStartByPosition: 0
    startPosition:
    - {x: 0, y: 0}
    - {x: 1, y: 1}
    - {x: -1, y: 1}
    - {x: 0, y: 2}
    - {x: 1, y: 3}
    - {x: -1, y: 3}
    - {x: 0, y: 4}
  changeDurationCamera:
    changeSpeedCamera: 0
    speedBG: 2
    speedDecor: 2.6
    timeChange: 3
--- !u!114 &114685193589642002
MonoBehaviour:
  m_ObjectHideFlags: 1
  m_PrefabParentObject: {fileID: 0}
  m_PrefabInternal: {fileID: 100100000}
  m_GameObject: {fileID: 1927774379827400}
  m_Enabled: 1
  m_EditorHideFlags: 0
  m_Script: {fileID: 11500000, guid: 759cc6e4e9140f445b13d21f97c413f4, type: 3}
  m_Name: 
  m_EditorClassIdentifier: 
  path: {fileID: 114098866844511184, guid: b817f8fc66bdcaf41a4919eaa36e2ae6, type: 2}
  timeToBegin: 0
  timeToEnd: -1
  timeToNextEnemy: 0.6
  totalEnemy: 1
  listMiniTurn:
  - enemyPrefab: {fileID: 1499926554462132, guid: 87a4d88b8f8ea9f4da993a34d935ba11,
      type: 2}
    properties: []
    pointAndAction:
    - listAcitonName:
      - ShootLoop
      - DropItem
      - ChangeSpeed
      - ChangeToPathLoop
      - PauseAndShootLoop
      type: Dead by player
      x: 0
      actionName: DropItem
    - listAcitonName:
      - ShootLoop
      - DropItem
      - ChangeSpeed
      - ChangeToPathLoop
      - PauseAndShootLoop
      type: Point = X
      x: 1
      actionName: ChangeSpeed
    - listAcitonName:
      - ShootLoop
      - DropItem
      - ChangeSpeed
      - ChangeToPathLoop
      - PauseAndShootLoop
      type: After X Millisecond
      x: 500
      actionName: ShootLoop
    newSpeed: 3
    timePauseAction: 0.5
    newPath: {fileID: 114845254437007288, guid: 63e1e2d166cef3b4f9254bfb1fd9ab92,
      type: 2}
    posStartPathNew: {x: 0, y: 0, z: 0}
    syncAnimation: 0
    enemyStartByNumber: 1
    number: 8
    enemyStartByPosition: 0
    startPosition:
    - {x: 0, y: 0}
    - {x: 1, y: 1}
    - {x: -1, y: 1}
    - {x: 0, y: 2}
    - {x: 1, y: 3}
    - {x: -1, y: 3}
    - {x: 0, y: 4}
  changeDurationCamera:
    changeSpeedCamera: 0
    speedBG: 2
    speedDecor: 2.6
    timeChange: 3
--- !u!114 &114897314003441942
MonoBehaviour:
  m_ObjectHideFlags: 1
  m_PrefabParentObject: {fileID: 0}
  m_PrefabInternal: {fileID: 100100000}
  m_GameObject: {fileID: 1509606458550662}
  m_Enabled: 1
  m_EditorHideFlags: 0
  m_Script: {fileID: 11500000, guid: 759cc6e4e9140f445b13d21f97c413f4, type: 3}
  m_Name: 
  m_EditorClassIdentifier: 
  path: {fileID: 114098866844511184, guid: 2fad8aeb9af271c48a5bae2cad4764a9, type: 2}
  timeToBegin: 3.5
  timeToEnd: -1
  timeToNextEnemy: 0.6
  totalEnemy: 1
  listMiniTurn:
  - enemyPrefab: {fileID: 1499926554462132, guid: 87a4d88b8f8ea9f4da993a34d935ba11,
      type: 2}
    properties: []
    pointAndAction:
    - listAcitonName:
      - ShootLoop
      - DropItem
      - ChangeSpeed
      - ChangeToPathLoop
      - PauseAndShootLoop
      type: Dead by player
      x: 0
      actionName: DropItem
    - listAcitonName:
      - ShootLoop
      - DropItem
      - ChangeSpeed
      - ChangeToPathLoop
      - PauseAndShootLoop
      type: Point = X
      x: 1
      actionName: ChangeSpeed
    - listAcitonName:
      - ShootLoop
      - DropItem
      - ChangeSpeed
      - ChangeToPathLoop
      - PauseAndShootLoop
      type: After X Millisecond
      x: 500
      actionName: ShootLoop
    newSpeed: 3
    timePauseAction: 0.5
    newPath: {fileID: 114845254437007288, guid: 63e1e2d166cef3b4f9254bfb1fd9ab92,
      type: 2}
    posStartPathNew: {x: 0, y: 0, z: 0}
    syncAnimation: 0
    enemyStartByNumber: 1
    number: 8
    enemyStartByPosition: 0
    startPosition:
    - {x: 0, y: 0}
    - {x: 1, y: 1}
    - {x: -1, y: 1}
    - {x: 0, y: 2}
    - {x: 1, y: 3}
    - {x: -1, y: 3}
    - {x: 0, y: 4}
  changeDurationCamera:
    changeSpeedCamera: 0
    speedBG: 2
    speedDecor: 2.6
    timeChange: 3
