%YAML 1.1
%TAG !u! tag:unity3d.com,2011:
--- !u!1001 &100100000
Prefab:
  m_ObjectHideFlags: 1
  serializedVersion: 2
  m_Modification:
    m_TransformParent: {fileID: 0}
    m_Modifications: []
    m_RemovedComponents: []
  m_ParentPrefab: {fileID: 0}
  m_RootGameObject: {fileID: 1308589025020932}
  m_IsPrefabParent: 1
--- !u!1 &1308589025020932
GameObject:
  m_ObjectHideFlags: 0
  m_PrefabParentObject: {fileID: 0}
  m_PrefabInternal: {fileID: 100100000}
  serializedVersion: 5
  m_Component:
  - component: {fileID: 4867078707423012}
  - component: {fileID: 114831849139359640}
  m_Layer: 0
  m_Name: World Halloween Medium 65
  m_TagString: Untagged
  m_Icon: {fileID: 0}
  m_NavMeshLayer: 0
  m_StaticEditorFlags: 0
  m_IsActive: 1
--- !u!1 &1350937302984510
GameObject:
  m_ObjectHideFlags: 0
  m_PrefabParentObject: {fileID: 0}
  m_PrefabInternal: {fileID: 100100000}
  serializedVersion: 5
  m_Component:
  - component: {fileID: 4718080725146088}
  - component: {fileID: 114777271313333262}
  m_Layer: 0
  m_Name: Nhen 2 ben
  m_TagString: Untagged
  m_Icon: {fileID: 0}
  m_NavMeshLayer: 0
  m_StaticEditorFlags: 0
  m_IsActive: 1
--- !u!1 &1370367582869050
GameObject:
  m_ObjectHideFlags: 0
  m_PrefabParentObject: {fileID: 0}
  m_PrefabInternal: {fileID: 100100000}
  serializedVersion: 5
  m_Component:
  - component: {fileID: 4799566239572950}
  - component: {fileID: 114061084209002876}
  m_Layer: 0
  m_Name: Nhang 7
  m_TagString: Untagged
  m_Icon: {fileID: 0}
  m_NavMeshLayer: 0
  m_StaticEditorFlags: 0
  m_IsActive: 1
--- !u!1 &1452415217507774
GameObject:
  m_ObjectHideFlags: 0
  m_PrefabParentObject: {fileID: 0}
  m_PrefabInternal: {fileID: 100100000}
  serializedVersion: 5
  m_Component:
  - component: {fileID: 4031189669475984}
  - component: {fileID: 114171935023102508}
  m_Layer: 0
  m_Name: Nhen 2 ben
  m_TagString: Untagged
  m_Icon: {fileID: 0}
  m_NavMeshLayer: 0
  m_StaticEditorFlags: 0
  m_IsActive: 1
--- !u!1 &1502852456139094
GameObject:
  m_ObjectHideFlags: 0
  m_PrefabParentObject: {fileID: 0}
  m_PrefabInternal: {fileID: 100100000}
  serializedVersion: 5
  m_Component:
  - component: {fileID: 4888688737855754}
  - component: {fileID: 114101197376600174}
  m_Layer: 0
  m_Name: Nhen
  m_TagString: Untagged
  m_Icon: {fileID: 0}
  m_NavMeshLayer: 0
  m_StaticEditorFlags: 0
  m_IsActive: 1
--- !u!1 &1542044038448754
GameObject:
  m_ObjectHideFlags: 0
  m_PrefabParentObject: {fileID: 0}
  m_PrefabInternal: {fileID: 100100000}
  serializedVersion: 5
  m_Component:
  - component: {fileID: 4068376304411826}
  - component: {fileID: 114313634681329792}
  m_Layer: 0
  m_Name: 'Nhang 7 '
  m_TagString: Untagged
  m_Icon: {fileID: 0}
  m_NavMeshLayer: 0
  m_StaticEditorFlags: 0
  m_IsActive: 1
--- !u!1 &1836915951148830
GameObject:
  m_ObjectHideFlags: 0
  m_PrefabParentObject: {fileID: 0}
  m_PrefabInternal: {fileID: 100100000}
  serializedVersion: 5
  m_Component:
  - component: {fileID: 4722771494344016}
  - component: {fileID: 114690170171722066}
  m_Layer: 0
  m_Name: Nhen
  m_TagString: Untagged
  m_Icon: {fileID: 0}
  m_NavMeshLayer: 0
  m_StaticEditorFlags: 0
  m_IsActive: 1
--- !u!4 &4031189669475984
Transform:
  m_ObjectHideFlags: 1
  m_PrefabParentObject: {fileID: 0}
  m_PrefabInternal: {fileID: 100100000}
  m_GameObject: {fileID: 1452415217507774}
  m_LocalRotation: {x: -0, y: -0, z: -0, w: 1}
  m_LocalPosition: {x: 0.02, y: 9.16, z: 0}
  m_LocalScale: {x: 1, y: 1, z: 1}
  m_Children: []
  m_Father: {fileID: 4867078707423012}
  m_RootOrder: 5
  m_LocalEulerAnglesHint: {x: 0, y: 0, z: 0}
--- !u!4 &4068376304411826
Transform:
  m_ObjectHideFlags: 1
  m_PrefabParentObject: {fileID: 0}
  m_PrefabInternal: {fileID: 100100000}
  m_GameObject: {fileID: 1542044038448754}
  m_LocalRotation: {x: -0, y: -0, z: -0, w: 1}
  m_LocalPosition: {x: 2.98, y: 9.7, z: 0}
  m_LocalScale: {x: 1, y: 1, z: 1}
  m_Children: []
  m_Father: {fileID: 4867078707423012}
  m_RootOrder: 3
  m_LocalEulerAnglesHint: {x: 0, y: 0, z: 0}
--- !u!4 &4718080725146088
Transform:
  m_ObjectHideFlags: 1
  m_PrefabParentObject: {fileID: 0}
  m_PrefabInternal: {fileID: 100100000}
  m_GameObject: {fileID: 1350937302984510}
  m_LocalRotation: {x: -0, y: -0, z: -0, w: 1}
  m_LocalPosition: {x: 0.02, y: 9.16, z: 0}
  m_LocalScale: {x: 1, y: 1, z: 1}
  m_Children: []
  m_Father: {fileID: 4867078707423012}
  m_RootOrder: 2
  m_LocalEulerAnglesHint: {x: 0, y: 0, z: 0}
--- !u!4 &4722771494344016
Transform:
  m_ObjectHideFlags: 1
  m_PrefabParentObject: {fileID: 0}
  m_PrefabInternal: {fileID: 100100000}
  m_GameObject: {fileID: 1836915951148830}
  m_LocalRotation: {x: -0, y: -0, z: -0, w: 1}
  m_LocalPosition: {x: 1.35, y: 9.7, z: 0}
  m_LocalScale: {x: 1, y: 1, z: 1}
  m_Children: []
  m_Father: {fileID: 4867078707423012}
  m_RootOrder: 4
  m_LocalEulerAnglesHint: {x: 0, y: 0, z: 0}
--- !u!4 &4799566239572950
Transform:
  m_ObjectHideFlags: 1
  m_PrefabParentObject: {fileID: 0}
  m_PrefabInternal: {fileID: 100100000}
  m_GameObject: {fileID: 1370367582869050}
  m_LocalRotation: {x: -0, y: -0, z: -0, w: 1}
  m_LocalPosition: {x: -2.67, y: 9.7, z: 0}
  m_LocalScale: {x: 1, y: 1, z: 1}
  m_Children: []
  m_Father: {fileID: 4867078707423012}
  m_RootOrder: 0
  m_LocalEulerAnglesHint: {x: 0, y: 0, z: 0}
--- !u!4 &4867078707423012
Transform:
  m_ObjectHideFlags: 1
  m_PrefabParentObject: {fileID: 0}
  m_PrefabInternal: {fileID: 100100000}
  m_GameObject: {fileID: 1308589025020932}
  m_LocalRotation: {x: -0, y: -0, z: -0, w: 1}
  m_LocalPosition: {x: 0, y: 0, z: 0}
  m_LocalScale: {x: 1, y: 1, z: 1}
  m_Children:
  - {fileID: 4799566239572950}
  - {fileID: 4888688737855754}
  - {fileID: 4718080725146088}
  - {fileID: 4068376304411826}
  - {fileID: 4722771494344016}
  - {fileID: 4031189669475984}
  m_Father: {fileID: 0}
  m_RootOrder: 0
  m_LocalEulerAnglesHint: {x: 0, y: 0, z: 0}
--- !u!4 &4888688737855754
Transform:
  m_ObjectHideFlags: 1
  m_PrefabParentObject: {fileID: 0}
  m_PrefabInternal: {fileID: 100100000}
  m_GameObject: {fileID: 1502852456139094}
  m_LocalRotation: {x: -0, y: -0, z: -0, w: 1}
  m_LocalPosition: {x: -1.23, y: 9.7, z: 0}
  m_LocalScale: {x: 1, y: 1, z: 1}
  m_Children: []
  m_Father: {fileID: 4867078707423012}
  m_RootOrder: 1
  m_LocalEulerAnglesHint: {x: 0, y: 0, z: 0}
--- !u!114 &114061084209002876
MonoBehaviour:
  m_ObjectHideFlags: 1
  m_PrefabParentObject: {fileID: 0}
  m_PrefabInternal: {fileID: 100100000}
  m_GameObject: {fileID: 1370367582869050}
  m_Enabled: 1
  m_EditorHideFlags: 0
  m_Script: {fileID: 11500000, guid: 759cc6e4e9140f445b13d21f97c413f4, type: 3}
  m_Name: 
  m_EditorClassIdentifier: 
  path: {fileID: 114718943619049156, guid: 5350c5fafd83cc042b066d17fe1897b9, type: 2}
  timeToBegin: 0
  timeToEnd: -1
  timeToNextEnemy: 0.3
  totalEnemy: 1
  listMiniTurn:
  - enemyPrefab: {fileID: 1499926554462132, guid: 87a4d88b8f8ea9f4da993a34d935ba11,
      type: 2}
    properties: []
    pointAndAction:
    - listAcitonName:
      - DropItem
      - Pause
      - ChangeSpeed
      type: Dead by player
      x: 0
      actionName: DropItem
    - listAcitonName:
      - DropItem
      - Pause
      - ChangeSpeed
      type: Point = X
      x: 1
      actionName: ChangeSpeed
    newSpeed: 3
    timePauseAction: 0.5
    newPath: {fileID: 114845254437007288, guid: 63e1e2d166cef3b4f9254bfb1fd9ab92,
      type: 2}
    posStartPathNew: {x: 0, y: 0, z: 0}
    syncAnimation: 0
    enemyStartByNumber: 1
    number: 7
    enemyStartByPosition: 0
    startPosition:
    - {x: 0, y: 0}
    - {x: 1, y: 1}
    - {x: -1, y: 1}
    - {x: 0, y: 2}
    - {x: 1, y: 3}
    - {x: -1, y: 3}
    - {x: 0, y: 4}
  changeDurationCamera:
    changeSpeedCamera: 0
    speedBG: 2
    speedDecor: 2.6
    timeChange: 3
--- !u!114 &114101197376600174
MonoBehaviour:
  m_ObjectHideFlags: 1
  m_PrefabParentObject: {fileID: 0}
  m_PrefabInternal: {fileID: 100100000}
  m_GameObject: {fileID: 1502852456139094}
  m_Enabled: 1
  m_EditorHideFlags: 0
  m_Script: {fileID: 11500000, guid: 759cc6e4e9140f445b13d21f97c413f4, type: 3}
  m_Name: 
  m_EditorClassIdentifier: 
  path: {fileID: 114934967805681938, guid: e4746670c56a5a64d9c0e6357bc46d16, type: 2}
  timeToBegin: 0.5
  timeToEnd: -1
  timeToNextEnemy: 0.5
  totalEnemy: 1
  listMiniTurn:
  - enemyPrefab: {fileID: 1545851746400868, guid: 8e1878fe9f611d84b826928a7bce0229,
      type: 2}
    properties: []
    pointAndAction:
    - listAcitonName:
      - DropItem
      - Pause
      - ChangeSpeed
      type: Dead by player
      x: 0
      actionName: DropItem
    - listAcitonName:
      - DropItem
      - Pause
      - ChangeSpeed
      type: Point = X
      x: 1
      actionName: ChangeSpeed
    newSpeed: 2.5
    timePauseAction: 0.5
    newPath: {fileID: 114845254437007288, guid: 63e1e2d166cef3b4f9254bfb1fd9ab92,
      type: 2}
    posStartPathNew: {x: 0, y: 0, z: 0}
    syncAnimation: 0
    enemyStartByNumber: 1
    number: 1
    enemyStartByPosition: 0
    startPosition:
    - {x: 0, y: 0}
    - {x: 1, y: 1}
    - {x: -1, y: 1}
    - {x: 0, y: 2}
    - {x: 1, y: 3}
    - {x: -1, y: 3}
    - {x: 0, y: 4}
  changeDurationCamera:
    changeSpeedCamera: 0
    speedBG: 2
    speedDecor: 2.6
    timeChange: 3
--- !u!114 &114171935023102508
MonoBehaviour:
  m_ObjectHideFlags: 1
  m_PrefabParentObject: {fileID: 0}
  m_PrefabInternal: {fileID: 100100000}
  m_GameObject: {fileID: 1452415217507774}
  m_Enabled: 1
  m_EditorHideFlags: 0
  m_Script: {fileID: 11500000, guid: 759cc6e4e9140f445b13d21f97c413f4, type: 3}
  m_Name: 
  m_EditorClassIdentifier: 
  path: {fileID: 114934967805681938, guid: e4746670c56a5a64d9c0e6357bc46d16, type: 2}
  timeToBegin: 3.5
  timeToEnd: -1
  timeToNextEnemy: 4
  totalEnemy: 1
  listMiniTurn:
  - enemyPrefab: {fileID: 1573786355510478, guid: 5e4382cd172f89b488435bdc6d996c65,
      type: 2}
    properties: []
    pointAndAction:
    - listAcitonName:
      - DropItem
      - Pause
      - ChangeSpeed
      type: Dead by player
      x: 0
      actionName: DropItem
    - listAcitonName:
      - DropItem
      - Pause
      - ChangeSpeed
      type: Point = X
      x: 1
      actionName: ChangeSpeed
    newSpeed: 1.5
    timePauseAction: 0.5
    newPath: {fileID: 114845254437007288, guid: 63e1e2d166cef3b4f9254bfb1fd9ab92,
      type: 2}
    posStartPathNew: {x: 0, y: 0, z: 0}
    syncAnimation: 0
    enemyStartByNumber: 1
    number: 1
    enemyStartByPosition: 0
    startPosition:
    - {x: 0, y: 0}
    - {x: 1, y: 1}
    - {x: -1, y: 1}
    - {x: 0, y: 2}
    - {x: 1, y: 3}
    - {x: -1, y: 3}
    - {x: 0, y: 4}
  changeDurationCamera:
    changeSpeedCamera: 0
    speedBG: 2
    speedDecor: 2.6
    timeChange: 3
--- !u!114 &114313634681329792
MonoBehaviour:
  m_ObjectHideFlags: 1
  m_PrefabParentObject: {fileID: 0}
  m_PrefabInternal: {fileID: 100100000}
  m_GameObject: {fileID: 1542044038448754}
  m_Enabled: 1
  m_EditorHideFlags: 0
  m_Script: {fileID: 11500000, guid: 759cc6e4e9140f445b13d21f97c413f4, type: 3}
  m_Name: 
  m_EditorClassIdentifier: 
  path: {fileID: 114718943619049156, guid: 703be3527542b1a47a8eba26d9defb98, type: 2}
  timeToBegin: 2.5
  timeToEnd: -1
  timeToNextEnemy: 0.5
  totalEnemy: 1
  listMiniTurn:
  - enemyPrefab: {fileID: 1499926554462132, guid: 87a4d88b8f8ea9f4da993a34d935ba11,
      type: 2}
    properties: []
    pointAndAction:
    - listAcitonName:
      - DropItem
      - Pause
      - ChangeSpeed
      type: Dead by player
      x: 0
      actionName: DropItem
    - listAcitonName:
      - DropItem
      - Pause
      - ChangeSpeed
      type: Point = X
      x: 1
      actionName: ChangeSpeed
    newSpeed: 3
    timePauseAction: 0.5
    newPath: {fileID: 114845254437007288, guid: 63e1e2d166cef3b4f9254bfb1fd9ab92,
      type: 2}
    posStartPathNew: {x: 0, y: 0, z: 0}
    syncAnimation: 0
    enemyStartByNumber: 1
    number: 5
    enemyStartByPosition: 0
    startPosition:
    - {x: 0, y: 0}
    - {x: 1, y: 1}
    - {x: -1, y: 1}
    - {x: 0, y: 2}
    - {x: 1, y: 3}
    - {x: -1, y: 3}
    - {x: 0, y: 4}
  changeDurationCamera:
    changeSpeedCamera: 0
    speedBG: 2
    speedDecor: 2.6
    timeChange: 3
--- !u!114 &114690170171722066
MonoBehaviour:
  m_ObjectHideFlags: 1
  m_PrefabParentObject: {fileID: 0}
  m_PrefabInternal: {fileID: 100100000}
  m_GameObject: {fileID: 1836915951148830}
  m_Enabled: 1
  m_EditorHideFlags: 0
  m_Script: {fileID: 11500000, guid: 759cc6e4e9140f445b13d21f97c413f4, type: 3}
  m_Name: 
  m_EditorClassIdentifier: 
  path: {fileID: 114934967805681938, guid: e4746670c56a5a64d9c0e6357bc46d16, type: 2}
  timeToBegin: 3
  timeToEnd: -1
  timeToNextEnemy: 0.5
  totalEnemy: 1
  listMiniTurn:
  - enemyPrefab: {fileID: 1545851746400868, guid: 8e1878fe9f611d84b826928a7bce0229,
      type: 2}
    properties: []
    pointAndAction:
    - listAcitonName:
      - DropItem
      - Pause
      - ChangeSpeed
      type: Dead by player
      x: 0
      actionName: DropItem
    - listAcitonName:
      - DropItem
      - Pause
      - ChangeSpeed
      type: Point = X
      x: 1
      actionName: ChangeSpeed
    newSpeed: 2.5
    timePauseAction: 0.5
    newPath: {fileID: 114845254437007288, guid: 63e1e2d166cef3b4f9254bfb1fd9ab92,
      type: 2}
    posStartPathNew: {x: 0, y: 0, z: 0}
    syncAnimation: 0
    enemyStartByNumber: 1
    number: 1
    enemyStartByPosition: 0
    startPosition:
    - {x: 0, y: 0}
    - {x: 1, y: 1}
    - {x: -1, y: 1}
    - {x: 0, y: 2}
    - {x: 1, y: 3}
    - {x: -1, y: 3}
    - {x: 0, y: 4}
  changeDurationCamera:
    changeSpeedCamera: 0
    speedBG: 2
    speedDecor: 2.6
    timeChange: 3
--- !u!114 &114777271313333262
MonoBehaviour:
  m_ObjectHideFlags: 1
  m_PrefabParentObject: {fileID: 0}
  m_PrefabInternal: {fileID: 100100000}
  m_GameObject: {fileID: 1350937302984510}
  m_Enabled: 1
  m_EditorHideFlags: 0
  m_Script: {fileID: 11500000, guid: 759cc6e4e9140f445b13d21f97c413f4, type: 3}
  m_Name: 
  m_EditorClassIdentifier: 
  path: {fileID: 114934967805681938, guid: e4746670c56a5a64d9c0e6357bc46d16, type: 2}
  timeToBegin: 1
  timeToEnd: -1
  timeToNextEnemy: 4
  totalEnemy: 1
  listMiniTurn:
  - enemyPrefab: {fileID: 1573786355510478, guid: 5e4382cd172f89b488435bdc6d996c65,
      type: 2}
    properties: []
    pointAndAction:
    - listAcitonName:
      - DropItem
      - Pause
      - ChangeSpeed
      type: Dead by player
      x: 0
      actionName: DropItem
    - listAcitonName:
      - DropItem
      - Pause
      - ChangeSpeed
      type: Point = X
      x: 1
      actionName: ChangeSpeed
    newSpeed: 1.5
    timePauseAction: 0.5
    newPath: {fileID: 114845254437007288, guid: 63e1e2d166cef3b4f9254bfb1fd9ab92,
      type: 2}
    posStartPathNew: {x: 0, y: 0, z: 0}
    syncAnimation: 0
    enemyStartByNumber: 1
    number: 1
    enemyStartByPosition: 0
    startPosition:
    - {x: 0, y: 0}
    - {x: 1, y: 1}
    - {x: -1, y: 1}
    - {x: 0, y: 2}
    - {x: 1, y: 3}
    - {x: -1, y: 3}
    - {x: 0, y: 4}
  changeDurationCamera:
    changeSpeedCamera: 0
    speedBG: 2
    speedDecor: 2.6
    timeChange: 3
--- !u!114 &114831849139359640
MonoBehaviour:
  m_ObjectHideFlags: 1
  m_PrefabParentObject: {fileID: 0}
  m_PrefabInternal: {fileID: 100100000}
  m_GameObject: {fileID: 1308589025020932}
  m_Enabled: 1
  m_EditorHideFlags: 0
  m_Script: {fileID: 11500000, guid: fc7a5de42f2567642b9024df07f4b5dd, type: 3}
  m_Name: 
  m_EditorClassIdentifier: 
  StartTurnAsync: 0
  mTM: []
