%YAML 1.1
%TAG !u! tag:unity3d.com,2011:
--- !u!1001 &100100000
Prefab:
  m_ObjectHideFlags: 1
  serializedVersion: 2
  m_Modification:
    m_TransformParent: {fileID: 0}
    m_Modifications: []
    m_RemovedComponents: []
  m_ParentPrefab: {fileID: 0}
  m_RootGameObject: {fileID: 1102739785135942}
  m_IsPrefabParent: 1
--- !u!1 &1102739785135942
GameObject:
  m_ObjectHideFlags: 0
  m_PrefabParentObject: {fileID: 0}
  m_PrefabInternal: {fileID: 100100000}
  serializedVersion: 5
  m_Component:
  - component: {fileID: 4892963470446360}
  - component: {fileID: 114689633007217100}
  m_Layer: 0
  m_Name: World Halloween Medium 66
  m_TagString: Untagged
  m_Icon: {fileID: 0}
  m_NavMeshLayer: 0
  m_StaticEditorFlags: 0
  m_IsActive: 1
--- !u!1 &1562020297911636
GameObject:
  m_ObjectHideFlags: 0
  m_PrefabParentObject: {fileID: 0}
  m_PrefabInternal: {fileID: 100100000}
  serializedVersion: 5
  m_Component:
  - component: {fileID: 4054128203509178}
  - component: {fileID: 114844468194389620}
  m_Layer: 0
  m_Name: Nhang 7
  m_TagString: Untagged
  m_Icon: {fileID: 0}
  m_NavMeshLayer: 0
  m_StaticEditorFlags: 0
  m_IsActive: 1
--- !u!1 &1673920561822724
GameObject:
  m_ObjectHideFlags: 0
  m_PrefabParentObject: {fileID: 0}
  m_PrefabInternal: {fileID: 100100000}
  serializedVersion: 5
  m_Component:
  - component: {fileID: 4986877483150790}
  - component: {fileID: 114786811709989968}
  m_Layer: 0
  m_Name: ThienThach (2)
  m_TagString: Untagged
  m_Icon: {fileID: 0}
  m_NavMeshLayer: 0
  m_StaticEditorFlags: 0
  m_IsActive: 1
--- !u!1 &1752255539959824
GameObject:
  m_ObjectHideFlags: 0
  m_PrefabParentObject: {fileID: 0}
  m_PrefabInternal: {fileID: 100100000}
  serializedVersion: 5
  m_Component:
  - component: {fileID: 4553471880098720}
  - component: {fileID: 114435231349980770}
  m_Layer: 0
  m_Name: Nhang 7
  m_TagString: Untagged
  m_Icon: {fileID: 0}
  m_NavMeshLayer: 0
  m_StaticEditorFlags: 0
  m_IsActive: 1
--- !u!1 &1787881912152164
GameObject:
  m_ObjectHideFlags: 0
  m_PrefabParentObject: {fileID: 0}
  m_PrefabInternal: {fileID: 100100000}
  serializedVersion: 5
  m_Component:
  - component: {fileID: 4285740075080120}
  - component: {fileID: 114887042358024056}
  m_Layer: 0
  m_Name: Nhang 7
  m_TagString: Untagged
  m_Icon: {fileID: 0}
  m_NavMeshLayer: 0
  m_StaticEditorFlags: 0
  m_IsActive: 1
--- !u!1 &1859015290748088
GameObject:
  m_ObjectHideFlags: 0
  m_PrefabParentObject: {fileID: 0}
  m_PrefabInternal: {fileID: 100100000}
  serializedVersion: 5
  m_Component:
  - component: {fileID: 4193168887818826}
  - component: {fileID: 114559177614258444}
  m_Layer: 0
  m_Name: Nhang 7
  m_TagString: Untagged
  m_Icon: {fileID: 0}
  m_NavMeshLayer: 0
  m_StaticEditorFlags: 0
  m_IsActive: 1
--- !u!1 &1910906951761756
GameObject:
  m_ObjectHideFlags: 0
  m_PrefabParentObject: {fileID: 0}
  m_PrefabInternal: {fileID: 100100000}
  serializedVersion: 5
  m_Component:
  - component: {fileID: 4345142574480724}
  - component: {fileID: 114123981952124794}
  m_Layer: 0
  m_Name: Muoi 2
  m_TagString: Untagged
  m_Icon: {fileID: 0}
  m_NavMeshLayer: 0
  m_StaticEditorFlags: 0
  m_IsActive: 1
--- !u!4 &4054128203509178
Transform:
  m_ObjectHideFlags: 1
  m_PrefabParentObject: {fileID: 0}
  m_PrefabInternal: {fileID: 100100000}
  m_GameObject: {fileID: 1562020297911636}
  m_LocalRotation: {x: -0, y: -0, z: -0, w: 1}
  m_LocalPosition: {x: -0.01, y: 8.98, z: 0}
  m_LocalScale: {x: 1, y: 1, z: 1}
  m_Children: []
  m_Father: {fileID: 4892963470446360}
  m_RootOrder: 0
  m_LocalEulerAnglesHint: {x: 0, y: 0, z: 0}
--- !u!4 &4193168887818826
Transform:
  m_ObjectHideFlags: 1
  m_PrefabParentObject: {fileID: 0}
  m_PrefabInternal: {fileID: 100100000}
  m_GameObject: {fileID: 1859015290748088}
  m_LocalRotation: {x: -0, y: -0, z: -0, w: 1}
  m_LocalPosition: {x: 0.03, y: 9, z: 0}
  m_LocalScale: {x: 1, y: 1, z: 1}
  m_Children: []
  m_Father: {fileID: 4892963470446360}
  m_RootOrder: 1
  m_LocalEulerAnglesHint: {x: 0, y: 0, z: 0}
--- !u!4 &4285740075080120
Transform:
  m_ObjectHideFlags: 1
  m_PrefabParentObject: {fileID: 0}
  m_PrefabInternal: {fileID: 100100000}
  m_GameObject: {fileID: 1787881912152164}
  m_LocalRotation: {x: -0, y: -0, z: -0, w: 1}
  m_LocalPosition: {x: 0.03, y: 9, z: 0}
  m_LocalScale: {x: 1, y: 1, z: 1}
  m_Children: []
  m_Father: {fileID: 4892963470446360}
  m_RootOrder: 3
  m_LocalEulerAnglesHint: {x: 0, y: 0, z: 0}
--- !u!4 &4345142574480724
Transform:
  m_ObjectHideFlags: 1
  m_PrefabParentObject: {fileID: 0}
  m_PrefabInternal: {fileID: 100100000}
  m_GameObject: {fileID: 1910906951761756}
  m_LocalRotation: {x: -0, y: -0, z: -0, w: 1}
  m_LocalPosition: {x: -3.4, y: 9.04, z: 0}
  m_LocalScale: {x: 1, y: 1, z: 1}
  m_Children: []
  m_Father: {fileID: 4892963470446360}
  m_RootOrder: 4
  m_LocalEulerAnglesHint: {x: 0, y: 0, z: 0}
--- !u!4 &4553471880098720
Transform:
  m_ObjectHideFlags: 1
  m_PrefabParentObject: {fileID: 0}
  m_PrefabInternal: {fileID: 100100000}
  m_GameObject: {fileID: 1752255539959824}
  m_LocalRotation: {x: -0, y: -0, z: -0, w: 1}
  m_LocalPosition: {x: -0.01, y: 8.98, z: 0}
  m_LocalScale: {x: 1, y: 1, z: 1}
  m_Children: []
  m_Father: {fileID: 4892963470446360}
  m_RootOrder: 2
  m_LocalEulerAnglesHint: {x: 0, y: 0, z: 0}
--- !u!4 &4892963470446360
Transform:
  m_ObjectHideFlags: 1
  m_PrefabParentObject: {fileID: 0}
  m_PrefabInternal: {fileID: 100100000}
  m_GameObject: {fileID: 1102739785135942}
  m_LocalRotation: {x: -0, y: -0, z: -0, w: 1}
  m_LocalPosition: {x: 0, y: 0, z: 0}
  m_LocalScale: {x: 1, y: 1, z: 1}
  m_Children:
  - {fileID: 4054128203509178}
  - {fileID: 4193168887818826}
  - {fileID: 4553471880098720}
  - {fileID: 4285740075080120}
  - {fileID: 4345142574480724}
  - {fileID: 4986877483150790}
  m_Father: {fileID: 0}
  m_RootOrder: 0
  m_LocalEulerAnglesHint: {x: 0, y: 0, z: 0}
--- !u!4 &4986877483150790
Transform:
  m_ObjectHideFlags: 1
  m_PrefabParentObject: {fileID: 0}
  m_PrefabInternal: {fileID: 100100000}
  m_GameObject: {fileID: 1673920561822724}
  m_LocalRotation: {x: -0, y: -0, z: -0, w: 1}
  m_LocalPosition: {x: 0.04, y: 9, z: 0}
  m_LocalScale: {x: 1, y: 1, z: 1}
  m_Children: []
  m_Father: {fileID: 4892963470446360}
  m_RootOrder: 5
  m_LocalEulerAnglesHint: {x: 0, y: 0, z: 0}
--- !u!114 &114123981952124794
MonoBehaviour:
  m_ObjectHideFlags: 1
  m_PrefabParentObject: {fileID: 0}
  m_PrefabInternal: {fileID: 100100000}
  m_GameObject: {fileID: 1910906951761756}
  m_Enabled: 1
  m_EditorHideFlags: 0
  m_Script: {fileID: 11500000, guid: 759cc6e4e9140f445b13d21f97c413f4, type: 3}
  m_Name: 
  m_EditorClassIdentifier: 
  path: {fileID: 114679063640611528, guid: 02aca0605039aa742bc34def1351c9bf, type: 2}
  timeToBegin: 2
  timeToEnd: -1
  timeToNextEnemy: 2
  totalEnemy: 1
  listMiniTurn:
  - enemyPrefab: {fileID: 1364657957738318, guid: 3bf73532caf445d45bec5a15aded4a4b,
      type: 2}
    properties: []
    pointAndAction:
    - listAcitonName:
      - ShootLoop
      - DropItem
      - ChangeSpeed
      - ChangeToPathLoop
      - PauseAndShootLoop
      type: Dead by player
      x: 0
      actionName: DropItem
    - listAcitonName:
      - ShootLoop
      - DropItem
      - ChangeSpeed
      - ChangeToPathLoop
      - PauseAndShootLoop
      type: Point = X
      x: 1
      actionName: ChangeSpeed
    - listAcitonName:
      - ShootLoop
      - DropItem
      - ChangeSpeed
      - ChangeToPathLoop
      - PauseAndShootLoop
      type: After X Millisecond
      x: 3000
      actionName: ShootLoop
    newSpeed: 3.5
    timePauseAction: 0.5
    newPath: {fileID: 114845254437007288, guid: 63e1e2d166cef3b4f9254bfb1fd9ab92,
      type: 2}
    posStartPathNew: {x: 0, y: 0, z: 0}
    syncAnimation: 0
    enemyStartByNumber: 1
    number: 3
    enemyStartByPosition: 0
    startPosition:
    - {x: 0, y: 0}
    - {x: 1, y: 1}
    - {x: -1, y: 1}
    - {x: 0, y: 2}
    - {x: 1, y: 3}
    - {x: -1, y: 3}
    - {x: 0, y: 4}
  changeDurationCamera:
    changeSpeedCamera: 0
    speedBG: 2
    speedDecor: 2.6
    timeChange: 3
--- !u!114 &114435231349980770
MonoBehaviour:
  m_ObjectHideFlags: 1
  m_PrefabParentObject: {fileID: 0}
  m_PrefabInternal: {fileID: 100100000}
  m_GameObject: {fileID: 1752255539959824}
  m_Enabled: 1
  m_EditorHideFlags: 0
  m_Script: {fileID: 11500000, guid: 759cc6e4e9140f445b13d21f97c413f4, type: 3}
  m_Name: 
  m_EditorClassIdentifier: 
  path: {fileID: 114934967805681938, guid: e4746670c56a5a64d9c0e6357bc46d16, type: 2}
  timeToBegin: 1
  timeToEnd: -1
  timeToNextEnemy: 0
  totalEnemy: 1
  listMiniTurn:
  - enemyPrefab: {fileID: 1499926554462132, guid: 87a4d88b8f8ea9f4da993a34d935ba11,
      type: 2}
    properties: []
    pointAndAction:
    - listAcitonName:
      - DropItem
      - Pause
      - ChangeSpeed
      type: Dead by player
      x: 0
      actionName: DropItem
    - listAcitonName:
      - DropItem
      - Pause
      - ChangeSpeed
      type: Point = X
      x: 1
      actionName: ChangeSpeed
    newSpeed: 2
    timePauseAction: 0.5
    newPath: {fileID: 114845254437007288, guid: 63e1e2d166cef3b4f9254bfb1fd9ab92,
      type: 2}
    posStartPathNew: {x: 0, y: 0, z: 0}
    syncAnimation: 0
    enemyStartByNumber: 0
    number: 7
    enemyStartByPosition: 1
    startPosition:
    - {x: 0, y: 0}
    - {x: 1.5, y: 0.3}
    - {x: -1.5, y: 0.3}
    - {x: 3, y: 0.6}
    - {x: -3, y: 0.6}
  changeDurationCamera:
    changeSpeedCamera: 0
    speedBG: 2
    speedDecor: 2.6
    timeChange: 3
--- !u!114 &114559177614258444
MonoBehaviour:
  m_ObjectHideFlags: 1
  m_PrefabParentObject: {fileID: 0}
  m_PrefabInternal: {fileID: 100100000}
  m_GameObject: {fileID: 1859015290748088}
  m_Enabled: 1
  m_EditorHideFlags: 0
  m_Script: {fileID: 11500000, guid: 759cc6e4e9140f445b13d21f97c413f4, type: 3}
  m_Name: 
  m_EditorClassIdentifier: 
  path: {fileID: 114934967805681938, guid: e4746670c56a5a64d9c0e6357bc46d16, type: 2}
  timeToBegin: 0.5
  timeToEnd: -1
  timeToNextEnemy: 0
  totalEnemy: 1
  listMiniTurn:
  - enemyPrefab: {fileID: 1499926554462132, guid: 87a4d88b8f8ea9f4da993a34d935ba11,
      type: 2}
    properties: []
    pointAndAction:
    - listAcitonName:
      - DropItem
      - Pause
      - ChangeSpeed
      type: Dead by player
      x: 0
      actionName: DropItem
    - listAcitonName:
      - DropItem
      - Pause
      - ChangeSpeed
      type: Point = X
      x: 1
      actionName: ChangeSpeed
    newSpeed: 2
    timePauseAction: 0.5
    newPath: {fileID: 114845254437007288, guid: 63e1e2d166cef3b4f9254bfb1fd9ab92,
      type: 2}
    posStartPathNew: {x: 0, y: 0, z: 0}
    syncAnimation: 0
    enemyStartByNumber: 0
    number: 7
    enemyStartByPosition: 1
    startPosition:
    - {x: 0.75, y: 0}
    - {x: -0.75, y: 0}
    - {x: 2.25, y: 0.3}
    - {x: -2.25, y: 0.3}
  changeDurationCamera:
    changeSpeedCamera: 0
    speedBG: 2
    speedDecor: 2.6
    timeChange: 3
--- !u!114 &114689633007217100
MonoBehaviour:
  m_ObjectHideFlags: 1
  m_PrefabParentObject: {fileID: 0}
  m_PrefabInternal: {fileID: 100100000}
  m_GameObject: {fileID: 1102739785135942}
  m_Enabled: 1
  m_EditorHideFlags: 0
  m_Script: {fileID: 11500000, guid: fc7a5de42f2567642b9024df07f4b5dd, type: 3}
  m_Name: 
  m_EditorClassIdentifier: 
  StartTurnAsync: 0
  mTM: []
--- !u!114 &114786811709989968
MonoBehaviour:
  m_ObjectHideFlags: 1
  m_PrefabParentObject: {fileID: 0}
  m_PrefabInternal: {fileID: 100100000}
  m_GameObject: {fileID: 1673920561822724}
  m_Enabled: 1
  m_EditorHideFlags: 0
  m_Script: {fileID: 11500000, guid: 759cc6e4e9140f445b13d21f97c413f4, type: 3}
  m_Name: 
  m_EditorClassIdentifier: 
  path: {fileID: 114934967805681938, guid: e4746670c56a5a64d9c0e6357bc46d16, type: 2}
  timeToBegin: 1
  timeToEnd: -1
  timeToNextEnemy: 0
  totalEnemy: 1
  listMiniTurn:
  - enemyPrefab: {fileID: 1317804971551414, guid: a709285b1f8852c438c98d6ebc288a80,
      type: 2}
    properties: []
    pointAndAction:
    - listAcitonName:
      - WarningHazzard
      type: Started
      x: 0
      actionName: WarningHazzard
    newSpeed: 1.5
    timePauseAction: 0.5
    newPath: {fileID: 114845254437007288, guid: 63e1e2d166cef3b4f9254bfb1fd9ab92,
      type: 2}
    posStartPathNew: {x: 0, y: 0, z: 0}
    syncAnimation: 0
    enemyStartByNumber: 0
    number: 3
    enemyStartByPosition: 1
    startPosition:
    - {x: -1, y: 0}
    - {x: 1, y: 0}
    - {x: -3, y: 3}
    - {x: 3, y: 6}
    - {x: 0, y: 6}
  changeDurationCamera:
    changeSpeedCamera: 0
    speedBG: 2
    speedDecor: 2.6
    timeChange: 3
--- !u!114 &114844468194389620
MonoBehaviour:
  m_ObjectHideFlags: 1
  m_PrefabParentObject: {fileID: 0}
  m_PrefabInternal: {fileID: 100100000}
  m_GameObject: {fileID: 1562020297911636}
  m_Enabled: 1
  m_EditorHideFlags: 0
  m_Script: {fileID: 11500000, guid: 759cc6e4e9140f445b13d21f97c413f4, type: 3}
  m_Name: 
  m_EditorClassIdentifier: 
  path: {fileID: 114934967805681938, guid: e4746670c56a5a64d9c0e6357bc46d16, type: 2}
  timeToBegin: 0
  timeToEnd: -1
  timeToNextEnemy: 0
  totalEnemy: 1
  listMiniTurn:
  - enemyPrefab: {fileID: 1499926554462132, guid: 87a4d88b8f8ea9f4da993a34d935ba11,
      type: 2}
    properties: []
    pointAndAction:
    - listAcitonName:
      - DropItem
      - Pause
      - ChangeSpeed
      type: Dead by player
      x: 0
      actionName: DropItem
    - listAcitonName:
      - DropItem
      - Pause
      - ChangeSpeed
      type: Point = X
      x: 1
      actionName: ChangeSpeed
    newSpeed: 2
    timePauseAction: 0.5
    newPath: {fileID: 114845254437007288, guid: 63e1e2d166cef3b4f9254bfb1fd9ab92,
      type: 2}
    posStartPathNew: {x: 0, y: 0, z: 0}
    syncAnimation: 0
    enemyStartByNumber: 0
    number: 7
    enemyStartByPosition: 1
    startPosition:
    - {x: 0, y: 0}
    - {x: 1.5, y: 0.3}
    - {x: -1.5, y: 0.3}
    - {x: 3, y: 0.6}
    - {x: -3, y: 0.6}
  changeDurationCamera:
    changeSpeedCamera: 0
    speedBG: 2
    speedDecor: 2.6
    timeChange: 3
--- !u!114 &114887042358024056
MonoBehaviour:
  m_ObjectHideFlags: 1
  m_PrefabParentObject: {fileID: 0}
  m_PrefabInternal: {fileID: 100100000}
  m_GameObject: {fileID: 1787881912152164}
  m_Enabled: 1
  m_EditorHideFlags: 0
  m_Script: {fileID: 11500000, guid: 759cc6e4e9140f445b13d21f97c413f4, type: 3}
  m_Name: 
  m_EditorClassIdentifier: 
  path: {fileID: 114934967805681938, guid: e4746670c56a5a64d9c0e6357bc46d16, type: 2}
  timeToBegin: 1.5
  timeToEnd: -1
  timeToNextEnemy: 0
  totalEnemy: 1
  listMiniTurn:
  - enemyPrefab: {fileID: 1499926554462132, guid: 87a4d88b8f8ea9f4da993a34d935ba11,
      type: 2}
    properties: []
    pointAndAction:
    - listAcitonName:
      - DropItem
      - Pause
      - ChangeSpeed
      type: Dead by player
      x: 0
      actionName: DropItem
    - listAcitonName:
      - DropItem
      - Pause
      - ChangeSpeed
      type: Point = X
      x: 1
      actionName: ChangeSpeed
    newSpeed: 2
    timePauseAction: 0.5
    newPath: {fileID: 114845254437007288, guid: 63e1e2d166cef3b4f9254bfb1fd9ab92,
      type: 2}
    posStartPathNew: {x: 0, y: 0, z: 0}
    syncAnimation: 0
    enemyStartByNumber: 0
    number: 7
    enemyStartByPosition: 1
    startPosition:
    - {x: 0.75, y: 0}
    - {x: -0.75, y: 0}
    - {x: 2.25, y: 0.3}
    - {x: -2.25, y: 0.3}
  changeDurationCamera:
    changeSpeedCamera: 0
    speedBG: 2
    speedDecor: 2.6
    timeChange: 3
