%YAML 1.1
%TAG !u! tag:unity3d.com,2011:
--- !u!1001 &100100000
Prefab:
  m_ObjectHideFlags: 1
  serializedVersion: 2
  m_Modification:
    m_TransformParent: {fileID: 0}
    m_Modifications: []
    m_RemovedComponents: []
  m_ParentPrefab: {fileID: 0}
  m_RootGameObject: {fileID: 1966852449433546}
  m_IsPrefabParent: 1
--- !u!1 &1213147778430010
GameObject:
  m_ObjectHideFlags: 0
  m_PrefabParentObject: {fileID: 0}
  m_PrefabInternal: {fileID: 100100000}
  serializedVersion: 5
  m_Component:
  - component: {fileID: 4876101485618962}
  - component: {fileID: 114444078398317128}
  - component: {fileID: 212173877631414896}
  - component: {fileID: 95437608416200590}
  m_Layer: 8
  m_Name: Avatar_Ruoi
  m_TagString: Untagged
  m_Icon: {fileID: 0}
  m_NavMeshLayer: 0
  m_StaticEditorFlags: 0
  m_IsActive: 1
--- !u!1 &1325293768243750
GameObject:
  m_ObjectHideFlags: 0
  m_PrefabParentObject: {fileID: 0}
  m_PrefabInternal: {fileID: 100100000}
  serializedVersion: 5
  m_Component:
  - component: {fileID: 4462987676235852}
  - component: {fileID: 114371898675469926}
  m_Layer: 8
  m_Name: HPBar
  m_TagString: Untagged
  m_Icon: {fileID: 0}
  m_NavMeshLayer: 0
  m_StaticEditorFlags: 0
  m_IsActive: 1
--- !u!1 &1354733090181950
GameObject:
  m_ObjectHideFlags: 1
  m_PrefabParentObject: {fileID: 0}
  m_PrefabInternal: {fileID: 100100000}
  serializedVersion: 5
  m_Component:
  - component: {fileID: 4045782304467914}
  - component: {fileID: 33969920293437416}
  - component: {fileID: 23122790501281454}
  - component: {fileID: 114333782932129030}
  m_Layer: 8
  m_Name: sFilled
  m_TagString: Untagged
  m_Icon: {fileID: 0}
  m_NavMeshLayer: 0
  m_StaticEditorFlags: 0
  m_IsActive: 1
--- !u!1 &1484738924727672
GameObject:
  m_ObjectHideFlags: 0
  m_PrefabParentObject: {fileID: 0}
  m_PrefabInternal: {fileID: 100100000}
  serializedVersion: 5
  m_Component:
  - component: {fileID: 4540808450776152}
  - component: {fileID: 114786072335643342}
  m_Layer: 8
  m_Name: Gun
  m_TagString: Untagged
  m_Icon: {fileID: 0}
  m_NavMeshLayer: 0
  m_StaticEditorFlags: 0
  m_IsActive: 1
--- !u!1 &1717266147833256
GameObject:
  m_ObjectHideFlags: 1
  m_PrefabParentObject: {fileID: 0}
  m_PrefabInternal: {fileID: 100100000}
  serializedVersion: 5
  m_Component:
  - component: {fileID: 4150061348096308}
  - component: {fileID: 114972678800049350}
  m_Layer: 8
  m_Name: Bullet1
  m_TagString: Untagged
  m_Icon: {fileID: 0}
  m_NavMeshLayer: 0
  m_StaticEditorFlags: 0
  m_IsActive: 1
--- !u!1 &1817511471948912
GameObject:
  m_ObjectHideFlags: 1
  m_PrefabParentObject: {fileID: 0}
  m_PrefabInternal: {fileID: 100100000}
  serializedVersion: 5
  m_Component:
  - component: {fileID: 4623911174749678}
  - component: {fileID: 212602756753595980}
  m_Layer: 8
  m_Name: sBarBG
  m_TagString: Untagged
  m_Icon: {fileID: 0}
  m_NavMeshLayer: 0
  m_StaticEditorFlags: 0
  m_IsActive: 1
--- !u!1 &1966852449433546
GameObject:
  m_ObjectHideFlags: 0
  m_PrefabParentObject: {fileID: 0}
  m_PrefabInternal: {fileID: 100100000}
  serializedVersion: 5
  m_Component:
  - component: {fileID: 4604033222897414}
  - component: {fileID: 50456491344775368}
  - component: {fileID: 58385940628241856}
  - component: {fileID: 114140623081904026}
  - component: {fileID: 114121783980818894}
  - component: {fileID: 114474483744824814}
  - component: {fileID: 114117449743543064}
  - component: {fileID: 114578335919451426}
  - component: {fileID: 212119294136363468}
  - component: {fileID: 114847862112140278}
  m_Layer: 8
  m_Name: WorldPvP_Muoi Xanh Lv 9
  m_TagString: Enemy
  m_Icon: {fileID: 0}
  m_NavMeshLayer: 0
  m_StaticEditorFlags: 0
  m_IsActive: 1
--- !u!4 &4045782304467914
Transform:
  m_ObjectHideFlags: 1
  m_PrefabParentObject: {fileID: 0}
  m_PrefabInternal: {fileID: 100100000}
  m_GameObject: {fileID: 1354733090181950}
  m_LocalRotation: {x: -0, y: -0, z: -0, w: 1}
  m_LocalPosition: {x: 0, y: 0, z: 0}
  m_LocalScale: {x: 1, y: 1, z: 1}
  m_Children: []
  m_Father: {fileID: 4623911174749678}
  m_RootOrder: 0
  m_LocalEulerAnglesHint: {x: 0, y: 0, z: 0}
--- !u!4 &4150061348096308
Transform:
  m_ObjectHideFlags: 1
  m_PrefabParentObject: {fileID: 0}
  m_PrefabInternal: {fileID: 100100000}
  m_GameObject: {fileID: 1717266147833256}
  m_LocalRotation: {x: 0, y: 0, z: 0, w: 1}
  m_LocalPosition: {x: 0, y: 0, z: 0}
  m_LocalScale: {x: 1, y: 1, z: 1}
  m_Children: []
  m_Father: {fileID: 4540808450776152}
  m_RootOrder: 0
  m_LocalEulerAnglesHint: {x: 0, y: 0, z: 0}
--- !u!4 &4462987676235852
Transform:
  m_ObjectHideFlags: 1
  m_PrefabParentObject: {fileID: 0}
  m_PrefabInternal: {fileID: 100100000}
  m_GameObject: {fileID: 1325293768243750}
  m_LocalRotation: {x: -0, y: -0, z: -0, w: 1}
  m_LocalPosition: {x: 0, y: 0, z: 0}
  m_LocalScale: {x: 0.36, y: 0.36, z: 1}
  m_Children:
  - {fileID: 4623911174749678}
  m_Father: {fileID: 4604033222897414}
  m_RootOrder: 1
  m_LocalEulerAnglesHint: {x: 0, y: 0, z: 0}
--- !u!4 &4540808450776152
Transform:
  m_ObjectHideFlags: 1
  m_PrefabParentObject: {fileID: 0}
  m_PrefabInternal: {fileID: 100100000}
  m_GameObject: {fileID: 1484738924727672}
  m_LocalRotation: {x: 0, y: 0, z: 0, w: 1}
  m_LocalPosition: {x: 0, y: 0.09, z: 0}
  m_LocalScale: {x: 1, y: 1, z: 1}
  m_Children:
  - {fileID: 4150061348096308}
  m_Father: {fileID: 4604033222897414}
  m_RootOrder: 2
  m_LocalEulerAnglesHint: {x: 0, y: 0, z: 0}
--- !u!4 &4604033222897414
Transform:
  m_ObjectHideFlags: 1
  m_PrefabParentObject: {fileID: 0}
  m_PrefabInternal: {fileID: 100100000}
  m_GameObject: {fileID: 1966852449433546}
  m_LocalRotation: {x: -0, y: -0, z: -0, w: 1}
  m_LocalPosition: {x: -2.17, y: 5.07, z: 0}
  m_LocalScale: {x: 0.9, y: 0.9, z: 1}
  m_Children:
  - {fileID: 4876101485618962}
  - {fileID: 4462987676235852}
  - {fileID: 4540808450776152}
  m_Father: {fileID: 0}
  m_RootOrder: 0
  m_LocalEulerAnglesHint: {x: 0, y: 0, z: 0}
--- !u!4 &4623911174749678
Transform:
  m_ObjectHideFlags: 1
  m_PrefabParentObject: {fileID: 0}
  m_PrefabInternal: {fileID: 100100000}
  m_GameObject: {fileID: 1817511471948912}
  m_LocalRotation: {x: -0, y: -0, z: -0, w: 1}
  m_LocalPosition: {x: 0, y: -1.81, z: 0}
  m_LocalScale: {x: 1, y: 1, z: 1}
  m_Children:
  - {fileID: 4045782304467914}
  m_Father: {fileID: 4462987676235852}
  m_RootOrder: 0
  m_LocalEulerAnglesHint: {x: 0, y: 0, z: 0}
--- !u!4 &4876101485618962
Transform:
  m_ObjectHideFlags: 1
  m_PrefabParentObject: {fileID: 0}
  m_PrefabInternal: {fileID: 100100000}
  m_GameObject: {fileID: 1213147778430010}
  m_LocalRotation: {x: 0, y: 0, z: 0, w: 1}
  m_LocalPosition: {x: 0, y: 0, z: 0}
  m_LocalScale: {x: 0.7, y: 0.7, z: 1}
  m_Children: []
  m_Father: {fileID: 4604033222897414}
  m_RootOrder: 0
  m_LocalEulerAnglesHint: {x: 0, y: 0, z: 0}
--- !u!23 &23122790501281454
MeshRenderer:
  m_ObjectHideFlags: 1
  m_PrefabParentObject: {fileID: 0}
  m_PrefabInternal: {fileID: 100100000}
  m_GameObject: {fileID: 1354733090181950}
  m_Enabled: 1
  m_CastShadows: 1
  m_ReceiveShadows: 1
  m_DynamicOccludee: 1
  m_MotionVectors: 1
  m_LightProbeUsage: 1
  m_ReflectionProbeUsage: 1
  m_Materials:
  - {fileID: 2100000, guid: b92f043f961495d44b52ac9e240b4dbd, type: 2}
  m_StaticBatchInfo:
    firstSubMesh: 0
    subMeshCount: 0
  m_StaticBatchRoot: {fileID: 0}
  m_ProbeAnchor: {fileID: 0}
  m_LightProbeVolumeOverride: {fileID: 0}
  m_ScaleInLightmap: 1
  m_PreserveUVs: 0
  m_IgnoreNormalsForChartDetection: 0
  m_ImportantGI: 0
  m_StitchLightmapSeams: 0
  m_SelectedEditorRenderState: 3
  m_MinimumChartSize: 4
  m_AutoUVMaxDistance: 0.5
  m_AutoUVMaxAngle: 89
  m_LightmapParameters: {fileID: 0}
  m_SortingLayerID: 0
  m_SortingLayer: 0
  m_SortingOrder: 12
--- !u!33 &33969920293437416
MeshFilter:
  m_ObjectHideFlags: 1
  m_PrefabParentObject: {fileID: 0}
  m_PrefabInternal: {fileID: 100100000}
  m_GameObject: {fileID: 1354733090181950}
  m_Mesh: {fileID: 0}
--- !u!50 &50456491344775368
Rigidbody2D:
  serializedVersion: 4
  m_ObjectHideFlags: 1
  m_PrefabParentObject: {fileID: 0}
  m_PrefabInternal: {fileID: 100100000}
  m_GameObject: {fileID: 1966852449433546}
  m_BodyType: 1
  m_Simulated: 1
  m_UseFullKinematicContacts: 0
  m_UseAutoMass: 0
  m_Mass: 1
  m_LinearDrag: 0
  m_AngularDrag: 0.05
  m_GravityScale: 1
  m_Material: {fileID: 0}
  m_Interpolate: 0
  m_SleepingMode: 1
  m_CollisionDetection: 0
  m_Constraints: 0
--- !u!58 &58385940628241856
CircleCollider2D:
  m_ObjectHideFlags: 1
  m_PrefabParentObject: {fileID: 0}
  m_PrefabInternal: {fileID: 100100000}
  m_GameObject: {fileID: 1966852449433546}
  m_Enabled: 1
  m_Density: 1
  m_Material: {fileID: 0}
  m_IsTrigger: 1
  m_UsedByEffector: 0
  m_UsedByComposite: 0
  m_Offset: {x: 0, y: -0.09}
  serializedVersion: 2
  m_Radius: 0.32
--- !u!95 &95437608416200590
Animator:
  serializedVersion: 3
  m_ObjectHideFlags: 1
  m_PrefabParentObject: {fileID: 0}
  m_PrefabInternal: {fileID: 100100000}
  m_GameObject: {fileID: 1213147778430010}
  m_Enabled: 1
  m_Avatar: {fileID: 0}
  m_Controller: {fileID: 9100000, guid: 331fc356b7cb75147b4a0d07389c0f68, type: 2}
  m_CullingMode: 0
  m_UpdateMode: 0
  m_ApplyRootMotion: 0
  m_LinearVelocityBlending: 0
  m_WarningMessage: 
  m_HasTransformHierarchy: 1
  m_AllowConstantClipSamplingOptimization: 1
--- !u!114 &114117449743543064
MonoBehaviour:
  m_ObjectHideFlags: 1
  m_PrefabParentObject: {fileID: 0}
  m_PrefabInternal: {fileID: 100100000}
  m_GameObject: {fileID: 1966852449433546}
  m_Enabled: 1
  m_EditorHideFlags: 0
  m_Script: {fileID: 11500000, guid: d32ee741d6930f44785b12be42d73734, type: 3}
  m_Name: 
  m_EditorClassIdentifier: 
  rateDropCoin: 30
  valueDropMin: 5
  valueDropMax: 8
  coinCopperPrefab: {fileID: 1805803035342068, guid: eff75fb40b795094592e205e68380f00,
    type: 2}
  coinSilverPrefab: {fileID: 1658199328922322, guid: 765286d4653caf547af49820ccbb020c,
    type: 2}
  coinGoldPrefab: {fileID: 1327589386488948, guid: fe8a9e3336aa7b14892344db7da76f8e,
    type: 2}
  coinDiamondPrefab: {fileID: 1002028682315720, guid: c60be51fac1172d45aa127b1e8e9812b,
    type: 2}
  valueDropCoinRandom: 0
  rateDropGem: 0
  valueDropGemMin: 0
  valueDropGemMax: 0
  gemPrefab: {fileID: 0}
  valueDropGemRandom: 0
  listRateItemDrop:
  - name: Power-up
    rateDropItem: 7
    itemObj: {fileID: 1999215372722890, guid: ba16aa3b8e1be974ebadb53d2c4bf30b, type: 2}
  - name: Time Sphere
    rateDropItem: 3
    itemObj: {fileID: 1973257354221794, guid: 53204cfff1dd9a84fbcd04f292f36113, type: 2}
  - name: SpeedShot
    rateDropItem: 1
    itemObj: {fileID: 1973257354221794, guid: f8e01b503b70b59499ab9ce6c45b913c, type: 2}
  listRateCardDrop: []
  rateDropItemEvents: 0
  itemEventsPrefab: {fileID: 0}
--- !u!114 &114121783980818894
MonoBehaviour:
  m_ObjectHideFlags: 1
  m_PrefabParentObject: {fileID: 0}
  m_PrefabInternal: {fileID: 100100000}
  m_GameObject: {fileID: 1966852449433546}
  m_Enabled: 1
  m_EditorHideFlags: 0
  m_Script: {fileID: 11500000, guid: 623252fdd281fd549b1880113a718b5a, type: 3}
  m_Name: 
  m_EditorClassIdentifier: 
  ID: Enemy2Normal_Ruoi
  score: 6000
  maxHP: 6000
  currentHP: 0
  index: 0
  dieExplosion: {fileID: 0}
  deadEvent:
    m_PersistentCalls:
      m_Calls: []
    m_TypeName: UnityEngine.Events.UnityEvent, UnityEngine.CoreModule, Version=0.0.0.0,
      Culture=neutral, PublicKeyToken=null
  forceRemoveEvent:
    m_PersistentCalls:
      m_Calls: []
    m_TypeName: UnityEngine.Events.UnityEvent, UnityEngine.CoreModule, Version=0.0.0.0,
      Culture=neutral, PublicKeyToken=null
  m_Action:
  - displayName: ShootLoop
    action:
      m_PersistentCalls:
        m_Calls:
        - m_Target: {fileID: 114121783980818894}
          m_MethodName: ShootLoop
          m_Mode: 4
          m_Arguments:
            m_ObjectArgument: {fileID: 0}
            m_ObjectArgumentAssemblyTypeName: UnityEngine.Object, UnityEngine
            m_IntArgument: 0
            m_FloatArgument: 3
            m_StringArgument: 
            m_BoolArgument: 0
          m_CallState: 2
      m_TypeName: UnityEngine.Events.UnityEvent, UnityEngine.CoreModule, Version=0.0.0.0,
        Culture=neutral, PublicKeyToken=null
  - displayName: DropItem
    action:
      m_PersistentCalls:
        m_Calls:
        - m_Target: {fileID: 114121783980818894}
          m_MethodName: DropItem
          m_Mode: 1
          m_Arguments:
            m_ObjectArgument: {fileID: 0}
            m_ObjectArgumentAssemblyTypeName: UnityEngine.Object, UnityEngine
            m_IntArgument: 0
            m_FloatArgument: 0
            m_StringArgument: 
            m_BoolArgument: 0
          m_CallState: 2
      m_TypeName: UnityEngine.Events.UnityEvent, UnityEngine.CoreModule, Version=0.0.0.0,
        Culture=neutral, PublicKeyToken=null
  - displayName: ChangeSpeed
    action:
      m_PersistentCalls:
        m_Calls:
        - m_Target: {fileID: 114121783980818894}
          m_MethodName: ChangeSpeed
          m_Mode: 1
          m_Arguments:
            m_ObjectArgument: {fileID: 0}
            m_ObjectArgumentAssemblyTypeName: UnityEngine.Object, UnityEngine
            m_IntArgument: 0
            m_FloatArgument: 0
            m_StringArgument: 
            m_BoolArgument: 0
          m_CallState: 2
      m_TypeName: UnityEngine.Events.UnityEvent, UnityEngine.CoreModule, Version=0.0.0.0,
        Culture=neutral, PublicKeyToken=null
  - displayName: ChangeToPathLoop
    action:
      m_PersistentCalls:
        m_Calls:
        - m_Target: {fileID: 114121783980818894}
          m_MethodName: ChangeToPathLoop
          m_Mode: 1
          m_Arguments:
            m_ObjectArgument: {fileID: 0}
            m_ObjectArgumentAssemblyTypeName: UnityEngine.Object, UnityEngine
            m_IntArgument: 0
            m_FloatArgument: 0
            m_StringArgument: 
            m_BoolArgument: 0
          m_CallState: 2
      m_TypeName: UnityEngine.Events.UnityEvent, UnityEngine.CoreModule, Version=0.0.0.0,
        Culture=neutral, PublicKeyToken=null
  - displayName: PauseAndShootLoop
    action:
      m_PersistentCalls:
        m_Calls:
        - m_Target: {fileID: 114121783980818894}
          m_MethodName: PauseAndShootLoop
          m_Mode: 4
          m_Arguments:
            m_ObjectArgument: {fileID: 0}
            m_ObjectArgumentAssemblyTypeName: UnityEngine.Object, UnityEngine
            m_IntArgument: 0
            m_FloatArgument: 5
            m_StringArgument: 
            m_BoolArgument: 0
          m_CallState: 2
      m_TypeName: UnityEngine.Events.UnityEvent, UnityEngine.CoreModule, Version=0.0.0.0,
        Culture=neutral, PublicKeyToken=null
  isRemoved: 0
  properties: []
  newSpeed: 0
  timeActionPause: 0
  newPath_Loop: {fileID: 0}
  posStartPathLoop: {x: 0, y: 0, z: 0}
  syncAnimation: 1
  gunCtrlList:
  - {fileID: 114786072335643342}
  enemyChangeGunIns: {fileID: 0}
  enemyHpBarIns: {fileID: 114371898675469926}
  enemyIsInScene: 0
--- !u!114 &114140623081904026
MonoBehaviour:
  m_ObjectHideFlags: 1
  m_PrefabParentObject: {fileID: 0}
  m_PrefabInternal: {fileID: 100100000}
  m_GameObject: {fileID: 1966852449433546}
  m_Enabled: 1
  m_EditorHideFlags: 0
  m_Script: {fileID: 11500000, guid: 4a2d9078dbe17bc4f966c9d2310be047, type: 3}
  m_Name: 
  m_EditorClassIdentifier: 
  pathContainer: {fileID: 0}
  onStart: 0
  moveToPath: 0
  reverse: 0
  startPoint: 0
  currentPoint: 0
  closeLoop: 0
  local: 0
  lookAhead: 0
  sizeToAdd: 0
  timeValue: 1
  speed: 7
  animEaseType:
    serializedVersion: 2
    m_Curve:
    - serializedVersion: 2
      time: 0
      value: 1
      inSlope: 0
      outSlope: 0
      tangentMode: 0
    - serializedVersion: 2
      time: 1
      value: 1
      inSlope: 0
      outSlope: 0
      tangentMode: 0
    m_PreInfinity: 2
    m_PostInfinity: 2
    m_RotationOrder: 0
  loopType: 0
  waypoints: []
  events: []
  pathType: 1
  pathMode: 0
  easeType: 1
  lockPosition: 0
  lockRotation: 0
  waypointRotation: 0
  rotationTarget: {fileID: 0}
--- !u!114 &114333782932129030
MonoBehaviour:
  m_ObjectHideFlags: 1
  m_PrefabParentObject: {fileID: 0}
  m_PrefabInternal: {fileID: 100100000}
  m_GameObject: {fileID: 1354733090181950}
  m_Enabled: 1
  m_EditorHideFlags: 0
  m_Script: {fileID: 11500000, guid: 203665e0cb9d1c342aebb15f96fed059, type: 3}
  m_Name: 
  m_EditorClassIdentifier: 
  collection: {fileID: 114810551548989576, guid: f484c540913ba554ab939be1e0efde68,
    type: 2}
  _color: {r: 1, g: 1, b: 1, a: 1}
  _scale: {x: 1, y: 1, z: 1}
  _spriteId: 0
  boxCollider2D: {fileID: 0}
  polygonCollider2D: []
  edgeCollider2D: []
  boxCollider: {fileID: 0}
  meshCollider: {fileID: 0}
  meshColliderPositions: []
  meshColliderMesh: {fileID: 0}
  renderLayer: 12
  _clipBottomLeft: {x: -0.36, y: 0}
  _clipTopRight: {x: 0.63999987, y: 1}
  _createBoxCollider: 0
--- !u!114 &114371898675469926
MonoBehaviour:
  m_ObjectHideFlags: 1
  m_PrefabParentObject: {fileID: 0}
  m_PrefabInternal: {fileID: 100100000}
  m_GameObject: {fileID: 1325293768243750}
  m_Enabled: 1
  m_EditorHideFlags: 0
  m_Script: {fileID: 11500000, guid: 453832ba07446914ba72984f85045559, type: 3}
  m_Name: 
  m_EditorClassIdentifier: 
  useHpBar: 1
  rotateHpBar: 0
  timeDelayHide: 10
  parentHpBar: {fileID: 1325293768243750}
  sBgBar: {fileID: 1817511471948912}
  tk2dClippedHp: {fileID: 114333782932129030}
  baseEnemyTransIns: {fileID: 4604033222897414}
--- !u!114 &114444078398317128
MonoBehaviour:
  m_ObjectHideFlags: 1
  m_PrefabParentObject: {fileID: 0}
  m_PrefabInternal: {fileID: 100100000}
  m_GameObject: {fileID: 1213147778430010}
  m_Enabled: 1
  m_EditorHideFlags: 0
  m_Script: {fileID: 11500000, guid: 6e62b67b05d64d846bd0fa0d011278ed, type: 3}
  m_Name: 
  m_EditorClassIdentifier: 
  tween_MuiTenXanh_Rung: {fileID: 0}
--- !u!114 &114474483744824814
MonoBehaviour:
  m_ObjectHideFlags: 1
  m_PrefabParentObject: {fileID: 0}
  m_PrefabInternal: {fileID: 100100000}
  m_GameObject: {fileID: 1966852449433546}
  m_Enabled: 1
  m_EditorHideFlags: 0
  m_Script: {fileID: 11500000, guid: 0675c9a50b437d7488c24e0432e6691a, type: 3}
  m_Name: 
  m_EditorClassIdentifier: 
--- !u!114 &114578335919451426
MonoBehaviour:
  m_ObjectHideFlags: 1
  m_PrefabParentObject: {fileID: 0}
  m_PrefabInternal: {fileID: 100100000}
  m_GameObject: {fileID: 1966852449433546}
  m_Enabled: 1
  m_EditorHideFlags: 0
  m_Script: {fileID: 11500000, guid: b121fb9b8b3c0ff44b1d349b50e11dbf, type: 3}
  m_Name: 
  m_EditorClassIdentifier: 
  enemyInScreen: 0
--- !u!114 &114786072335643342
MonoBehaviour:
  m_ObjectHideFlags: 1
  m_PrefabParentObject: {fileID: 0}
  m_PrefabInternal: {fileID: 100100000}
  m_GameObject: {fileID: 1484738924727672}
  m_Enabled: 1
  m_EditorHideFlags: 0
  m_Script: {fileID: 11500000, guid: f4f0f29fa90c15e4ca1c2e77ce62f18a, type: 3}
  m_Name: 
  m_EditorClassIdentifier: 
  m_axisMove: 0
  m_inheritAngle: 0
  m_startOnAwake: 0
  m_startOnAwakeDelay: 3
  m_loop: 0
  m_atRandom: 0
  m_shotList:
  - m_shotObj: {fileID: 114972678800049350}
    m_afterDelay: 5
  m_shotRoutineFinishedCallbackEvents:
    m_PersistentCalls:
      m_Calls:
      - m_Target: {fileID: 0}
        m_MethodName: 
        m_Mode: 1
        m_Arguments:
          m_ObjectArgument: {fileID: 0}
          m_ObjectArgumentAssemblyTypeName: 
          m_IntArgument: 0
          m_FloatArgument: 0
          m_StringArgument: 
          m_BoolArgument: 0
        m_CallState: 2
    m_TypeName: UnityEngine.Events.UnityEvent, UnityEngine.CoreModule, Version=0.0.0.0,
      Culture=neutral, PublicKeyToken=null
--- !u!114 &114847862112140278
MonoBehaviour:
  m_ObjectHideFlags: 1
  m_PrefabParentObject: {fileID: 0}
  m_PrefabInternal: {fileID: 100100000}
  m_GameObject: {fileID: 1966852449433546}
  m_Enabled: 1
  m_EditorHideFlags: 0
  m_Script: {fileID: 11500000, guid: 6d4b8170872abc347a2d21aad4bfd770, type: 3}
  m_Name: 
  m_EditorClassIdentifier: 
  enemyCollisionBase: {fileID: 114474483744824814}
--- !u!114 &114972678800049350
MonoBehaviour:
  m_ObjectHideFlags: 1
  m_PrefabParentObject: {fileID: 0}
  m_PrefabInternal: {fileID: 100100000}
  m_GameObject: {fileID: 1717266147833256}
  m_Enabled: 1
  m_EditorHideFlags: 0
  m_Script: {fileID: 11500000, guid: 4cf8ed6458b22394b87b4d9583c1c642, type: 3}
  m_Name: 
  m_EditorClassIdentifier: 
  m_bulletPrefab: {fileID: 1728756639196882, guid: 5b5aedf3794c14f448cc8e5d8baf6d64,
    type: 2}
  m_bulletNum: 1
  m_bulletSpeed: 9
  m_accelerationSpeed: 0
  m_useMaxSpeed: 0
  m_maxSpeed: 0
  m_useMinSpeed: 0
  m_minSpeed: 0
  m_accelerationTurn: 0
  m_usePauseAndResume: 0
  m_pauseTime: 0
  m_resumeTime: 0
  m_useAutoRelease: 0
  m_autoReleaseTime: 10
  m_shotFiredCallbackEvents:
    m_PersistentCalls:
      m_Calls: []
    m_TypeName: UnityEngine.Events.UnityEvent, UnityEngine.CoreModule, Version=0.0.0.0,
      Culture=neutral, PublicKeyToken=null
  m_shotFinishedCallbackEvents:
    m_PersistentCalls:
      m_Calls:
      - m_Target: {fileID: 114444078398317128}
        m_MethodName: ChangeAnim_Atk_Step3
        m_Mode: 1
        m_Arguments:
          m_ObjectArgument: {fileID: 0}
          m_ObjectArgumentAssemblyTypeName: UnityEngine.Object, UnityEngine
          m_IntArgument: 0
          m_FloatArgument: 0
          m_StringArgument: 
          m_BoolArgument: 0
        m_CallState: 2
    m_TypeName: UnityEngine.Events.UnityEvent, UnityEngine.CoreModule, Version=0.0.0.0,
      Culture=neutral, PublicKeyToken=null
  m_angle: 180
  m_betweenDelay: 0.1
  m_setTargetFromTag: 1
  m_targetTagName: player
  m_randomSelectTagTarget: 0
  m_targetTransform: {fileID: 0}
  m_aiming: 0
--- !u!212 &212119294136363468
SpriteRenderer:
  m_ObjectHideFlags: 1
  m_PrefabParentObject: {fileID: 0}
  m_PrefabInternal: {fileID: 100100000}
  m_GameObject: {fileID: 1966852449433546}
  m_Enabled: 1
  m_CastShadows: 0
  m_ReceiveShadows: 0
  m_DynamicOccludee: 1
  m_MotionVectors: 1
  m_LightProbeUsage: 1
  m_ReflectionProbeUsage: 1
  m_Materials:
  - {fileID: 10754, guid: 0000000000000000f000000000000000, type: 0}
  m_StaticBatchInfo:
    firstSubMesh: 0
    subMeshCount: 0
  m_StaticBatchRoot: {fileID: 0}
  m_ProbeAnchor: {fileID: 0}
  m_LightProbeVolumeOverride: {fileID: 0}
  m_ScaleInLightmap: 1
  m_PreserveUVs: 0
  m_IgnoreNormalsForChartDetection: 0
  m_ImportantGI: 0
  m_StitchLightmapSeams: 0
  m_SelectedEditorRenderState: 0
  m_MinimumChartSize: 4
  m_AutoUVMaxDistance: 0.5
  m_AutoUVMaxAngle: 89
  m_LightmapParameters: {fileID: 0}
  m_SortingLayerID: 0
  m_SortingLayer: 0
  m_SortingOrder: 0
  m_Sprite: {fileID: 0}
  m_Color: {r: 1, g: 1, b: 1, a: 1}
  m_FlipX: 0
  m_FlipY: 0
  m_DrawMode: 0
  m_Size: {x: 1, y: 1}
  m_AdaptiveModeThreshold: 0.5
  m_SpriteTileMode: 0
  m_WasSpriteAssigned: 0
  m_MaskInteraction: 0
--- !u!212 &212173877631414896
SpriteRenderer:
  m_ObjectHideFlags: 1
  m_PrefabParentObject: {fileID: 0}
  m_PrefabInternal: {fileID: 100100000}
  m_GameObject: {fileID: 1213147778430010}
  m_Enabled: 1
  m_CastShadows: 0
  m_ReceiveShadows: 0
  m_DynamicOccludee: 1
  m_MotionVectors: 1
  m_LightProbeUsage: 1
  m_ReflectionProbeUsage: 1
  m_Materials:
  - {fileID: 10754, guid: 0000000000000000f000000000000000, type: 0}
  m_StaticBatchInfo:
    firstSubMesh: 0
    subMeshCount: 0
  m_StaticBatchRoot: {fileID: 0}
  m_ProbeAnchor: {fileID: 0}
  m_LightProbeVolumeOverride: {fileID: 0}
  m_ScaleInLightmap: 1
  m_PreserveUVs: 0
  m_IgnoreNormalsForChartDetection: 0
  m_ImportantGI: 0
  m_StitchLightmapSeams: 0
  m_SelectedEditorRenderState: 0
  m_MinimumChartSize: 4
  m_AutoUVMaxDistance: 0.5
  m_AutoUVMaxAngle: 89
  m_LightmapParameters: {fileID: 0}
  m_SortingLayerID: 0
  m_SortingLayer: 0
  m_SortingOrder: 11
  m_Sprite: {fileID: 21300000, guid: f4a868daf367da24188080954362c9df, type: 3}
  m_Color: {r: 1, g: 1, b: 1, a: 1}
  m_FlipX: 0
  m_FlipY: 0
  m_DrawMode: 0
  m_Size: {x: 1.65, y: 1.65}
  m_AdaptiveModeThreshold: 0.5
  m_SpriteTileMode: 0
  m_WasSpriteAssigned: 1
  m_MaskInteraction: 0
--- !u!212 &212602756753595980
SpriteRenderer:
  m_ObjectHideFlags: 1
  m_PrefabParentObject: {fileID: 0}
  m_PrefabInternal: {fileID: 100100000}
  m_GameObject: {fileID: 1817511471948912}
  m_Enabled: 1
  m_CastShadows: 0
  m_ReceiveShadows: 0
  m_DynamicOccludee: 1
  m_MotionVectors: 1
  m_LightProbeUsage: 1
  m_ReflectionProbeUsage: 1
  m_Materials:
  - {fileID: 10754, guid: 0000000000000000f000000000000000, type: 0}
  m_StaticBatchInfo:
    firstSubMesh: 0
    subMeshCount: 0
  m_StaticBatchRoot: {fileID: 0}
  m_ProbeAnchor: {fileID: 0}
  m_LightProbeVolumeOverride: {fileID: 0}
  m_ScaleInLightmap: 1
  m_PreserveUVs: 0
  m_IgnoreNormalsForChartDetection: 0
  m_ImportantGI: 0
  m_StitchLightmapSeams: 0
  m_SelectedEditorRenderState: 0
  m_MinimumChartSize: 4
  m_AutoUVMaxDistance: 0.5
  m_AutoUVMaxAngle: 89
  m_LightmapParameters: {fileID: 0}
  m_SortingLayerID: 0
  m_SortingLayer: 0
  m_SortingOrder: 11
  m_Sprite: {fileID: 21300000, guid: 363508cd7ff021245b45f4e761a10c75, type: 3}
  m_Color: {r: 1, g: 1, b: 1, a: 1}
  m_FlipX: 0
  m_FlipY: 0
  m_DrawMode: 0
  m_Size: {x: 2.28, y: 0.18}
  m_AdaptiveModeThreshold: 0.5
  m_SpriteTileMode: 0
  m_WasSpriteAssigned: 1
  m_MaskInteraction: 0
