%YAML 1.1
%TAG !u! tag:unity3d.com,2011:
--- !u!1001 &100100000
Prefab:
  m_ObjectHideFlags: 1
  serializedVersion: 2
  m_Modification:
    m_TransformParent: {fileID: 0}
    m_Modifications: []
    m_RemovedComponents: []
  m_ParentPrefab: {fileID: 0}
  m_RootGameObject: {fileID: 1973698919194272}
  m_IsPrefabParent: 1
--- !u!1 &1041317161219972
GameObject:
  m_ObjectHideFlags: 1
  m_PrefabParentObject: {fileID: 0}
  m_PrefabInternal: {fileID: 100100000}
  serializedVersion: 5
  m_Component:
  - component: {fileID: 4088082902354296}
  - component: {fileID: 212747560229645806}
  m_Layer: 8
  m_Name: sBarBG
  m_TagString: Untagged
  m_Icon: {fileID: 0}
  m_NavMeshLayer: 0
  m_StaticEditorFlags: 0
  m_IsActive: 1
--- !u!1 &1326501431514216
GameObject:
  m_ObjectHideFlags: 0
  m_PrefabParentObject: {fileID: 0}
  m_PrefabInternal: {fileID: 100100000}
  serializedVersion: 5
  m_Component:
  - component: {fileID: 4674372578701454}
  - component: {fileID: 114431685365289990}
  - component: {fileID: 212863062327258536}
  - component: {fileID: 95607377516012590}
  m_Layer: 8
  m_Name: Avatar_Luoicua
  m_TagString: Untagged
  m_Icon: {fileID: 0}
  m_NavMeshLayer: 0
  m_StaticEditorFlags: 0
  m_IsActive: 1
--- !u!1 &1422253604790996
GameObject:
  m_ObjectHideFlags: 1
  m_PrefabParentObject: {fileID: 0}
  m_PrefabInternal: {fileID: 100100000}
  serializedVersion: 5
  m_Component:
  - component: {fileID: 4195117361426488}
  - component: {fileID: 33378402428194796}
  - component: {fileID: 23642513596155890}
  - component: {fileID: 114129804509777180}
  m_Layer: 8
  m_Name: sFilled
  m_TagString: Untagged
  m_Icon: {fileID: 0}
  m_NavMeshLayer: 0
  m_StaticEditorFlags: 0
  m_IsActive: 1
--- !u!1 &1496359520553642
GameObject:
  m_ObjectHideFlags: 0
  m_PrefabParentObject: {fileID: 0}
  m_PrefabInternal: {fileID: 100100000}
  serializedVersion: 5
  m_Component:
  - component: {fileID: 4473223743086176}
  - component: {fileID: 114536894790909274}
  m_Layer: 8
  m_Name: HPBar
  m_TagString: Untagged
  m_Icon: {fileID: 0}
  m_NavMeshLayer: 0
  m_StaticEditorFlags: 0
  m_IsActive: 1
--- !u!1 &1526958491316876
GameObject:
  m_ObjectHideFlags: 1
  m_PrefabParentObject: {fileID: 0}
  m_PrefabInternal: {fileID: 100100000}
  serializedVersion: 5
  m_Component:
  - component: {fileID: 4504676906070360}
  - component: {fileID: 114904738568591534}
  m_Layer: 8
  m_Name: Bullet1
  m_TagString: Untagged
  m_Icon: {fileID: 0}
  m_NavMeshLayer: 0
  m_StaticEditorFlags: 0
  m_IsActive: 1
--- !u!1 &1623314573910912
GameObject:
  m_ObjectHideFlags: 0
  m_PrefabParentObject: {fileID: 0}
  m_PrefabInternal: {fileID: 100100000}
  serializedVersion: 5
  m_Component:
  - component: {fileID: 4469017761305564}
  - component: {fileID: 114324129757686700}
  m_Layer: 8
  m_Name: Gun
  m_TagString: Untagged
  m_Icon: {fileID: 0}
  m_NavMeshLayer: 0
  m_StaticEditorFlags: 0
  m_IsActive: 0
--- !u!1 &1973698919194272
GameObject:
  m_ObjectHideFlags: 0
  m_PrefabParentObject: {fileID: 0}
  m_PrefabInternal: {fileID: 100100000}
  serializedVersion: 5
  m_Component:
  - component: {fileID: 4731416671487462}
  - component: {fileID: 50900174223054570}
  - component: {fileID: 58179758361931362}
  - component: {fileID: 114424007990937060}
  - component: {fileID: 114596236864797522}
  - component: {fileID: 114579719801538926}
  - component: {fileID: 114385217185434958}
  - component: {fileID: 114176475532756618}
  - component: {fileID: 114616312869083332}
  - component: {fileID: 212870798874896776}
  - component: {fileID: 114524383590507642}
  m_Layer: 8
  m_Name: 11_Xmas_LuoiCua
  m_TagString: Enemy
  m_Icon: {fileID: 0}
  m_NavMeshLayer: 0
  m_StaticEditorFlags: 0
  m_IsActive: 1
--- !u!4 &4088082902354296
Transform:
  m_ObjectHideFlags: 1
  m_PrefabParentObject: {fileID: 0}
  m_PrefabInternal: {fileID: 100100000}
  m_GameObject: {fileID: 1041317161219972}
  m_LocalRotation: {x: -0, y: -0, z: -0, w: 1}
  m_LocalPosition: {x: 0, y: -2.68, z: 0}
  m_LocalScale: {x: 1, y: 1, z: 1}
  m_Children:
  - {fileID: 4195117361426488}
  m_Father: {fileID: 4473223743086176}
  m_RootOrder: 0
  m_LocalEulerAnglesHint: {x: 0, y: 0, z: 0}
--- !u!4 &4195117361426488
Transform:
  m_ObjectHideFlags: 1
  m_PrefabParentObject: {fileID: 0}
  m_PrefabInternal: {fileID: 100100000}
  m_GameObject: {fileID: 1422253604790996}
  m_LocalRotation: {x: -0, y: -0, z: -0, w: 1}
  m_LocalPosition: {x: 0, y: 0, z: 0}
  m_LocalScale: {x: 1, y: 1, z: 1}
  m_Children: []
  m_Father: {fileID: 4088082902354296}
  m_RootOrder: 0
  m_LocalEulerAnglesHint: {x: 0, y: 0, z: 0}
--- !u!4 &4469017761305564
Transform:
  m_ObjectHideFlags: 1
  m_PrefabParentObject: {fileID: 0}
  m_PrefabInternal: {fileID: 100100000}
  m_GameObject: {fileID: 1623314573910912}
  m_LocalRotation: {x: 0, y: 0, z: 0, w: 1}
  m_LocalPosition: {x: 0, y: -0.4, z: 0}
  m_LocalScale: {x: 1, y: 1, z: 1}
  m_Children:
  - {fileID: 4504676906070360}
  m_Father: {fileID: 4731416671487462}
  m_RootOrder: 2
  m_LocalEulerAnglesHint: {x: 0, y: 0, z: 0}
--- !u!4 &4473223743086176
Transform:
  m_ObjectHideFlags: 1
  m_PrefabParentObject: {fileID: 0}
  m_PrefabInternal: {fileID: 100100000}
  m_GameObject: {fileID: 1496359520553642}
  m_LocalRotation: {x: -0, y: -0, z: -0, w: 1}
  m_LocalPosition: {x: 0, y: 0, z: 0}
  m_LocalScale: {x: 0.38, y: 0.38, z: 1}
  m_Children:
  - {fileID: 4088082902354296}
  m_Father: {fileID: 4731416671487462}
  m_RootOrder: 1
  m_LocalEulerAnglesHint: {x: 0, y: 0, z: 0}
--- !u!4 &4504676906070360
Transform:
  m_ObjectHideFlags: 1
  m_PrefabParentObject: {fileID: 0}
  m_PrefabInternal: {fileID: 100100000}
  m_GameObject: {fileID: 1526958491316876}
  m_LocalRotation: {x: 0, y: 0, z: 0, w: 1}
  m_LocalPosition: {x: 0, y: 0, z: 0}
  m_LocalScale: {x: 1, y: 1, z: 1}
  m_Children: []
  m_Father: {fileID: 4469017761305564}
  m_RootOrder: 0
  m_LocalEulerAnglesHint: {x: 0, y: 0, z: 0}
--- !u!4 &4674372578701454
Transform:
  m_ObjectHideFlags: 1
  m_PrefabParentObject: {fileID: 0}
  m_PrefabInternal: {fileID: 100100000}
  m_GameObject: {fileID: 1326501431514216}
  m_LocalRotation: {x: 0, y: 0, z: 0, w: 1}
  m_LocalPosition: {x: 0, y: 0, z: 0}
  m_LocalScale: {x: 0.8, y: 0.8, z: 1}
  m_Children: []
  m_Father: {fileID: 4731416671487462}
  m_RootOrder: 0
  m_LocalEulerAnglesHint: {x: 0, y: 0, z: 0}
--- !u!4 &4731416671487462
Transform:
  m_ObjectHideFlags: 1
  m_PrefabParentObject: {fileID: 0}
  m_PrefabInternal: {fileID: 100100000}
  m_GameObject: {fileID: 1973698919194272}
  m_LocalRotation: {x: -0, y: -0, z: -0, w: 1}
  m_LocalPosition: {x: -0.17, y: 0.42, z: 0}
  m_LocalScale: {x: 1, y: 1, z: 1}
  m_Children:
  - {fileID: 4674372578701454}
  - {fileID: 4473223743086176}
  - {fileID: 4469017761305564}
  m_Father: {fileID: 0}
  m_RootOrder: 0
  m_LocalEulerAnglesHint: {x: 0, y: 0, z: 0}
--- !u!23 &23642513596155890
MeshRenderer:
  m_ObjectHideFlags: 1
  m_PrefabParentObject: {fileID: 0}
  m_PrefabInternal: {fileID: 100100000}
  m_GameObject: {fileID: 1422253604790996}
  m_Enabled: 1
  m_CastShadows: 1
  m_ReceiveShadows: 1
  m_DynamicOccludee: 1
  m_MotionVectors: 1
  m_LightProbeUsage: 1
  m_ReflectionProbeUsage: 1
  m_Materials:
  - {fileID: 2100000, guid: b92f043f961495d44b52ac9e240b4dbd, type: 2}
  m_StaticBatchInfo:
    firstSubMesh: 0
    subMeshCount: 0
  m_StaticBatchRoot: {fileID: 0}
  m_ProbeAnchor: {fileID: 0}
  m_LightProbeVolumeOverride: {fileID: 0}
  m_ScaleInLightmap: 1
  m_PreserveUVs: 0
  m_IgnoreNormalsForChartDetection: 0
  m_ImportantGI: 0
  m_StitchLightmapSeams: 0
  m_SelectedEditorRenderState: 3
  m_MinimumChartSize: 4
  m_AutoUVMaxDistance: 0.5
  m_AutoUVMaxAngle: 89
  m_LightmapParameters: {fileID: 0}
  m_SortingLayerID: 0
  m_SortingLayer: 0
  m_SortingOrder: 12
--- !u!33 &33378402428194796
MeshFilter:
  m_ObjectHideFlags: 1
  m_PrefabParentObject: {fileID: 0}
  m_PrefabInternal: {fileID: 100100000}
  m_GameObject: {fileID: 1422253604790996}
  m_Mesh: {fileID: 0}
--- !u!50 &50900174223054570
Rigidbody2D:
  serializedVersion: 4
  m_ObjectHideFlags: 1
  m_PrefabParentObject: {fileID: 0}
  m_PrefabInternal: {fileID: 100100000}
  m_GameObject: {fileID: 1973698919194272}
  m_BodyType: 1
  m_Simulated: 1
  m_UseFullKinematicContacts: 0
  m_UseAutoMass: 0
  m_Mass: 1
  m_LinearDrag: 0
  m_AngularDrag: 0.05
  m_GravityScale: 1
  m_Material: {fileID: 0}
  m_Interpolate: 0
  m_SleepingMode: 1
  m_CollisionDetection: 0
  m_Constraints: 0
--- !u!58 &58179758361931362
CircleCollider2D:
  m_ObjectHideFlags: 1
  m_PrefabParentObject: {fileID: 0}
  m_PrefabInternal: {fileID: 100100000}
  m_GameObject: {fileID: 1973698919194272}
  m_Enabled: 1
  m_Density: 1
  m_Material: {fileID: 0}
  m_IsTrigger: 1
  m_UsedByEffector: 0
  m_UsedByComposite: 0
  m_Offset: {x: 0, y: -0.09}
  serializedVersion: 2
  m_Radius: 0.32
--- !u!95 &95607377516012590
Animator:
  serializedVersion: 3
  m_ObjectHideFlags: 1
  m_PrefabParentObject: {fileID: 0}
  m_PrefabInternal: {fileID: 100100000}
  m_GameObject: {fileID: 1326501431514216}
  m_Enabled: 1
  m_Avatar: {fileID: 0}
  m_Controller: {fileID: 9100000, guid: b4293ebda221cb647a4965df039cc022, type: 2}
  m_CullingMode: 0
  m_UpdateMode: 0
  m_ApplyRootMotion: 0
  m_LinearVelocityBlending: 0
  m_WarningMessage: 
  m_HasTransformHierarchy: 1
  m_AllowConstantClipSamplingOptimization: 1
--- !u!114 &114129804509777180
MonoBehaviour:
  m_ObjectHideFlags: 1
  m_PrefabParentObject: {fileID: 0}
  m_PrefabInternal: {fileID: 100100000}
  m_GameObject: {fileID: 1422253604790996}
  m_Enabled: 1
  m_EditorHideFlags: 0
  m_Script: {fileID: 11500000, guid: 203665e0cb9d1c342aebb15f96fed059, type: 3}
  m_Name: 
  m_EditorClassIdentifier: 
  collection: {fileID: 114810551548989576, guid: f484c540913ba554ab939be1e0efde68,
    type: 2}
  _color: {r: 1, g: 1, b: 1, a: 1}
  _scale: {x: 1, y: 1, z: 1}
  _spriteId: 0
  boxCollider2D: {fileID: 0}
  polygonCollider2D: []
  edgeCollider2D: []
  boxCollider: {fileID: 0}
  meshCollider: {fileID: 0}
  meshColliderPositions: []
  meshColliderMesh: {fileID: 0}
  renderLayer: 12
  _clipBottomLeft: {x: -0.36, y: 0}
  _clipTopRight: {x: 0.63999987, y: 1}
  _createBoxCollider: 0
--- !u!114 &114176475532756618
MonoBehaviour:
  m_ObjectHideFlags: 1
  m_PrefabParentObject: {fileID: 0}
  m_PrefabInternal: {fileID: 100100000}
  m_GameObject: {fileID: 1973698919194272}
  m_Enabled: 1
  m_EditorHideFlags: 0
  m_Script: {fileID: 11500000, guid: d32ee741d6930f44785b12be42d73734, type: 3}
  m_Name: 
  m_EditorClassIdentifier: 
  rateDropCoin: 0
  valueDropMin: 0
  valueDropMax: 0
  coinCopperPrefab: {fileID: 1805803035342068, guid: eff75fb40b795094592e205e68380f00,
    type: 2}
  coinSilverPrefab: {fileID: 1658199328922322, guid: 765286d4653caf547af49820ccbb020c,
    type: 2}
  coinGoldPrefab: {fileID: 1327589386488948, guid: fe8a9e3336aa7b14892344db7da76f8e,
    type: 2}
  coinDiamondPrefab: {fileID: 1002028682315720, guid: c60be51fac1172d45aa127b1e8e9812b,
    type: 2}
  valueDropCoinRandom: 0
  rateDropGem: 0
  valueDropGemMin: 0
  valueDropGemMax: 0
  gemPrefab: {fileID: 0}
  valueDropGemRandom: 0
  listRateItemDrop:
  - name: Power-up
    rateDropItem: 1
    itemObj: {fileID: 1999215372722890, guid: ba16aa3b8e1be974ebadb53d2c4bf30b, type: 2}
  - name: Time Sphere
    rateDropItem: 0
    itemObj: {fileID: 1973257354221794, guid: 53204cfff1dd9a84fbcd04f292f36113, type: 2}
  - name: SpeedShot
    rateDropItem: 1
    itemObj: {fileID: 1973257354221794, guid: f8e01b503b70b59499ab9ce6c45b913c, type: 2}
  listRateCardDrop:
  - nameCard: ItemCardPlane1_BataFD
    rateDropCard: 0
    cardObj: {fileID: 1505540558962768, guid: 073f712577a4fac479d274c7a46a8274, type: 2}
  - nameCard: ItemCardPlane2_SkyWraith
    rateDropCard: 0
    cardObj: {fileID: 1836123362968056, guid: 2df3884ca6bf75a4f90403f56e92f79a, type: 2}
  - nameCard: ItemCardPlane3_FuryOfAres
    rateDropCard: 0
    cardObj: {fileID: 1351619213925196, guid: aea0620a9f6550a479cfdb09052cf16c, type: 2}
  - nameCard: ItemCardPlane6_MacBird
    rateDropCard: 0
    cardObj: {fileID: 1568620274973978, guid: 0811be5ce42ee3548b37c4a1b6e88a15, type: 2}
  - nameCard: ItemCardPlane6_MacBird
    rateDropCard: 0
    cardObj: {fileID: 1819525828772488, guid: 5c4de155a04517c448bfda23d72ec375, type: 2}
  rateDropItemEvents: 30
  itemEventsPrefab: {fileID: 1366242504247838, guid: 0e6cde9bcee13334b938131f974737a1,
    type: 2}
--- !u!114 &114324129757686700
MonoBehaviour:
  m_ObjectHideFlags: 1
  m_PrefabParentObject: {fileID: 0}
  m_PrefabInternal: {fileID: 100100000}
  m_GameObject: {fileID: 1623314573910912}
  m_Enabled: 1
  m_EditorHideFlags: 0
  m_Script: {fileID: 11500000, guid: f4f0f29fa90c15e4ca1c2e77ce62f18a, type: 3}
  m_Name: 
  m_EditorClassIdentifier: 
  m_axisMove: 0
  m_inheritAngle: 0
  m_startOnAwake: 0
  m_startOnAwakeDelay: 3
  m_loop: 0
  m_atRandom: 0
  m_shotList:
  - m_shotObj: {fileID: 114904738568591534}
    m_afterDelay: 5
  m_shotRoutineFinishedCallbackEvents:
    m_PersistentCalls:
      m_Calls:
      - m_Target: {fileID: 0}
        m_MethodName: 
        m_Mode: 1
        m_Arguments:
          m_ObjectArgument: {fileID: 0}
          m_ObjectArgumentAssemblyTypeName: 
          m_IntArgument: 0
          m_FloatArgument: 0
          m_StringArgument: 
          m_BoolArgument: 0
        m_CallState: 2
    m_TypeName: UnityEngine.Events.UnityEvent, UnityEngine.CoreModule, Version=0.0.0.0,
      Culture=neutral, PublicKeyToken=null
--- !u!114 &114385217185434958
MonoBehaviour:
  m_ObjectHideFlags: 1
  m_PrefabParentObject: {fileID: 0}
  m_PrefabInternal: {fileID: 100100000}
  m_GameObject: {fileID: 1973698919194272}
  m_Enabled: 1
  m_EditorHideFlags: 0
  m_Script: {fileID: 11500000, guid: 0675c9a50b437d7488c24e0432e6691a, type: 3}
  m_Name: 
  m_EditorClassIdentifier: 
--- !u!114 &114424007990937060
MonoBehaviour:
  m_ObjectHideFlags: 1
  m_PrefabParentObject: {fileID: 0}
  m_PrefabInternal: {fileID: 100100000}
  m_GameObject: {fileID: 1973698919194272}
  m_Enabled: 1
  m_EditorHideFlags: 0
  m_Script: {fileID: 11500000, guid: 4a2d9078dbe17bc4f966c9d2310be047, type: 3}
  m_Name: 
  m_EditorClassIdentifier: 
  pathContainer: {fileID: 0}
  onStart: 0
  moveToPath: 0
  reverse: 0
  startPoint: 0
  currentPoint: 0
  closeLoop: 0
  local: 0
  lookAhead: 0
  sizeToAdd: 0
  timeValue: 1
  speed: 1
  animEaseType:
    serializedVersion: 2
    m_Curve:
    - serializedVersion: 2
      time: 0
      value: 1
      inSlope: 0
      outSlope: 0
      tangentMode: 0
    - serializedVersion: 2
      time: 1
      value: 1
      inSlope: 0
      outSlope: 0
      tangentMode: 0
    m_PreInfinity: 2
    m_PostInfinity: 2
    m_RotationOrder: 0
  loopType: 0
  waypoints: []
  events: []
  pathType: 1
  pathMode: 0
  easeType: 1
  lockPosition: 0
  lockRotation: 0
  waypointRotation: 0
  rotationTarget: {fileID: 0}
--- !u!114 &114431685365289990
MonoBehaviour:
  m_ObjectHideFlags: 1
  m_PrefabParentObject: {fileID: 0}
  m_PrefabInternal: {fileID: 100100000}
  m_GameObject: {fileID: 1326501431514216}
  m_Enabled: 1
  m_EditorHideFlags: 0
  m_Script: {fileID: 11500000, guid: 6e62b67b05d64d846bd0fa0d011278ed, type: 3}
  m_Name: 
  m_EditorClassIdentifier: 
  tween_MuiTenXanh_Rung: {fileID: 0}
--- !u!114 &114524383590507642
MonoBehaviour:
  m_ObjectHideFlags: 1
  m_PrefabParentObject: {fileID: 0}
  m_PrefabInternal: {fileID: 100100000}
  m_GameObject: {fileID: 1973698919194272}
  m_Enabled: 1
  m_EditorHideFlags: 0
  m_Script: {fileID: 11500000, guid: 6d4b8170872abc347a2d21aad4bfd770, type: 3}
  m_Name: 
  m_EditorClassIdentifier: 
  enemyCollisionBase: {fileID: 114385217185434958}
--- !u!114 &114536894790909274
MonoBehaviour:
  m_ObjectHideFlags: 1
  m_PrefabParentObject: {fileID: 0}
  m_PrefabInternal: {fileID: 100100000}
  m_GameObject: {fileID: 1496359520553642}
  m_Enabled: 1
  m_EditorHideFlags: 0
  m_Script: {fileID: 11500000, guid: 453832ba07446914ba72984f85045559, type: 3}
  m_Name: 
  m_EditorClassIdentifier: 
  useHpBar: 1
  rotateHpBar: 1
  timeDelayHide: 0.28
  parentHpBar: {fileID: 1496359520553642}
  sBgBar: {fileID: 1041317161219972}
  tk2dClippedHp: {fileID: 114129804509777180}
  baseEnemyTransIns: {fileID: 0}
--- !u!114 &114579719801538926
MonoBehaviour:
  m_ObjectHideFlags: 1
  m_PrefabParentObject: {fileID: 0}
  m_PrefabInternal: {fileID: 100100000}
  m_GameObject: {fileID: 1973698919194272}
  m_Enabled: 1
  m_EditorHideFlags: 0
  m_Script: {fileID: 11500000, guid: 71654f4378892da418062b424867831e, type: 3}
  m_Name: 
  m_EditorClassIdentifier: 
  animEnemy: {fileID: 95607377516012590}
  normalSpeed: 2.5
--- !u!114 &114596236864797522
MonoBehaviour:
  m_ObjectHideFlags: 1
  m_PrefabParentObject: {fileID: 0}
  m_PrefabInternal: {fileID: 100100000}
  m_GameObject: {fileID: 1973698919194272}
  m_Enabled: 1
  m_EditorHideFlags: 0
  m_Script: {fileID: 11500000, guid: 623252fdd281fd549b1880113a718b5a, type: 3}
  m_Name: 
  m_EditorClassIdentifier: 
  ID: Enemy2Normal_Ruoi
  score: 800
  maxHP: 800
  currentHP: 0
  index: 0
  dieExplosion: {fileID: 0}
  deadEvent:
    m_PersistentCalls:
      m_Calls: []
    m_TypeName: UnityEngine.Events.UnityEvent, UnityEngine.CoreModule, Version=0.0.0.0,
      Culture=neutral, PublicKeyToken=null
  forceRemoveEvent:
    m_PersistentCalls:
      m_Calls: []
    m_TypeName: UnityEngine.Events.UnityEvent, UnityEngine.CoreModule, Version=0.0.0.0,
      Culture=neutral, PublicKeyToken=null
  m_Action:
  - displayName: DropItem
    action:
      m_PersistentCalls:
        m_Calls:
        - m_Target: {fileID: 114596236864797522}
          m_MethodName: DropItem
          m_Mode: 1
          m_Arguments:
            m_ObjectArgument: {fileID: 0}
            m_ObjectArgumentAssemblyTypeName: UnityEngine.Object, UnityEngine
            m_IntArgument: 0
            m_FloatArgument: 0
            m_StringArgument: 
            m_BoolArgument: 0
          m_CallState: 2
      m_TypeName: UnityEngine.Events.UnityEvent, UnityEngine.CoreModule, Version=0.0.0.0,
        Culture=neutral, PublicKeyToken=null
  - displayName: ChangeSpeed
    action:
      m_PersistentCalls:
        m_Calls:
        - m_Target: {fileID: 114596236864797522}
          m_MethodName: ChangeSpeed
          m_Mode: 1
          m_Arguments:
            m_ObjectArgument: {fileID: 0}
            m_ObjectArgumentAssemblyTypeName: UnityEngine.Object, UnityEngine
            m_IntArgument: 0
            m_FloatArgument: 0
            m_StringArgument: 
            m_BoolArgument: 0
          m_CallState: 2
      m_TypeName: UnityEngine.Events.UnityEvent, UnityEngine.CoreModule, Version=0.0.0.0,
        Culture=neutral, PublicKeyToken=null
  isRemoved: 0
  properties: []
  newSpeed: 0
  timeActionPause: 0
  newPath_Loop: {fileID: 0}
  posStartPathLoop: {x: 0, y: 0, z: 0}
  syncAnimation: 1
  gunCtrlList:
  - {fileID: 114324129757686700}
  enemyChangeGunIns: {fileID: 0}
  enemyHpBarIns: {fileID: 114536894790909274}
  enemyIsInScene: 0
--- !u!114 &114616312869083332
MonoBehaviour:
  m_ObjectHideFlags: 1
  m_PrefabParentObject: {fileID: 0}
  m_PrefabInternal: {fileID: 100100000}
  m_GameObject: {fileID: 1973698919194272}
  m_Enabled: 1
  m_EditorHideFlags: 0
  m_Script: {fileID: 11500000, guid: b121fb9b8b3c0ff44b1d349b50e11dbf, type: 3}
  m_Name: 
  m_EditorClassIdentifier: 
  enemyInScreen: 0
--- !u!114 &114904738568591534
MonoBehaviour:
  m_ObjectHideFlags: 1
  m_PrefabParentObject: {fileID: 0}
  m_PrefabInternal: {fileID: 100100000}
  m_GameObject: {fileID: 1526958491316876}
  m_Enabled: 1
  m_EditorHideFlags: 0
  m_Script: {fileID: 11500000, guid: 70962cc7743ab4dfa909076da4818d78, type: 3}
  m_Name: 
  m_EditorClassIdentifier: 
  m_bulletPrefab: {fileID: 1138240931308918, guid: 48a70ace8dca7964bae4b3103a48b260,
    type: 2}
  m_bulletNum: 1
  m_bulletSpeed: 6
  m_accelerationSpeed: 0
  m_useMaxSpeed: 0
  m_maxSpeed: 0
  m_useMinSpeed: 0
  m_minSpeed: 0
  m_accelerationTurn: 0
  m_usePauseAndResume: 0
  m_pauseTime: 0
  m_resumeTime: 0
  m_useAutoRelease: 0
  m_autoReleaseTime: 10
  m_shotFiredCallbackEvents:
    m_PersistentCalls:
      m_Calls: []
    m_TypeName: UnityEngine.Events.UnityEvent, UnityEngine.CoreModule, Version=0.0.0.0,
      Culture=neutral, PublicKeyToken=null
  m_shotFinishedCallbackEvents:
    m_PersistentCalls:
      m_Calls:
      - m_Target: {fileID: 114431685365289990}
        m_MethodName: ChangeAnim_Atk_To_Idle
        m_Mode: 1
        m_Arguments:
          m_ObjectArgument: {fileID: 0}
          m_ObjectArgumentAssemblyTypeName: UnityEngine.Object, UnityEngine
          m_IntArgument: 0
          m_FloatArgument: 0
          m_StringArgument: 
          m_BoolArgument: 0
        m_CallState: 2
    m_TypeName: UnityEngine.Events.UnityEvent, UnityEngine.CoreModule, Version=0.0.0.0,
      Culture=neutral, PublicKeyToken=null
  m_wayNum: 1
  m_centerAngle: 180
  m_betweenAngle: 10
  m_nextLineDelay: 0.2
--- !u!212 &212747560229645806
SpriteRenderer:
  m_ObjectHideFlags: 1
  m_PrefabParentObject: {fileID: 0}
  m_PrefabInternal: {fileID: 100100000}
  m_GameObject: {fileID: 1041317161219972}
  m_Enabled: 1
  m_CastShadows: 0
  m_ReceiveShadows: 0
  m_DynamicOccludee: 1
  m_MotionVectors: 1
  m_LightProbeUsage: 1
  m_ReflectionProbeUsage: 1
  m_Materials:
  - {fileID: 10754, guid: 0000000000000000f000000000000000, type: 0}
  m_StaticBatchInfo:
    firstSubMesh: 0
    subMeshCount: 0
  m_StaticBatchRoot: {fileID: 0}
  m_ProbeAnchor: {fileID: 0}
  m_LightProbeVolumeOverride: {fileID: 0}
  m_ScaleInLightmap: 1
  m_PreserveUVs: 0
  m_IgnoreNormalsForChartDetection: 0
  m_ImportantGI: 0
  m_StitchLightmapSeams: 0
  m_SelectedEditorRenderState: 0
  m_MinimumChartSize: 4
  m_AutoUVMaxDistance: 0.5
  m_AutoUVMaxAngle: 89
  m_LightmapParameters: {fileID: 0}
  m_SortingLayerID: 0
  m_SortingLayer: 0
  m_SortingOrder: 11
  m_Sprite: {fileID: 21300000, guid: 363508cd7ff021245b45f4e761a10c75, type: 3}
  m_Color: {r: 1, g: 1, b: 1, a: 1}
  m_FlipX: 0
  m_FlipY: 0
  m_DrawMode: 0
  m_Size: {x: 1.24, y: 0.83}
  m_AdaptiveModeThreshold: 0.5
  m_SpriteTileMode: 0
  m_WasSpriteAssigned: 1
  m_MaskInteraction: 0
--- !u!212 &212863062327258536
SpriteRenderer:
  m_ObjectHideFlags: 1
  m_PrefabParentObject: {fileID: 0}
  m_PrefabInternal: {fileID: 100100000}
  m_GameObject: {fileID: 1326501431514216}
  m_Enabled: 1
  m_CastShadows: 0
  m_ReceiveShadows: 0
  m_DynamicOccludee: 1
  m_MotionVectors: 1
  m_LightProbeUsage: 1
  m_ReflectionProbeUsage: 1
  m_Materials:
  - {fileID: 10754, guid: 0000000000000000f000000000000000, type: 0}
  m_StaticBatchInfo:
    firstSubMesh: 0
    subMeshCount: 0
  m_StaticBatchRoot: {fileID: 0}
  m_ProbeAnchor: {fileID: 0}
  m_LightProbeVolumeOverride: {fileID: 0}
  m_ScaleInLightmap: 1
  m_PreserveUVs: 0
  m_IgnoreNormalsForChartDetection: 0
  m_ImportantGI: 0
  m_StitchLightmapSeams: 0
  m_SelectedEditorRenderState: 0
  m_MinimumChartSize: 4
  m_AutoUVMaxDistance: 0.5
  m_AutoUVMaxAngle: 89
  m_LightmapParameters: {fileID: 0}
  m_SortingLayerID: 0
  m_SortingLayer: 0
  m_SortingOrder: 11
  m_Sprite: {fileID: 21300000, guid: 00335c3d29d0fc54c8f96e3e767287c6, type: 3}
  m_Color: {r: 1, g: 1, b: 1, a: 1}
  m_FlipX: 0
  m_FlipY: 0
  m_DrawMode: 0
  m_Size: {x: 1.65, y: 1.65}
  m_AdaptiveModeThreshold: 0.5
  m_SpriteTileMode: 0
  m_WasSpriteAssigned: 1
  m_MaskInteraction: 0
--- !u!212 &212870798874896776
SpriteRenderer:
  m_ObjectHideFlags: 1
  m_PrefabParentObject: {fileID: 0}
  m_PrefabInternal: {fileID: 100100000}
  m_GameObject: {fileID: 1973698919194272}
  m_Enabled: 1
  m_CastShadows: 0
  m_ReceiveShadows: 0
  m_DynamicOccludee: 1
  m_MotionVectors: 1
  m_LightProbeUsage: 1
  m_ReflectionProbeUsage: 1
  m_Materials:
  - {fileID: 10754, guid: 0000000000000000f000000000000000, type: 0}
  m_StaticBatchInfo:
    firstSubMesh: 0
    subMeshCount: 0
  m_StaticBatchRoot: {fileID: 0}
  m_ProbeAnchor: {fileID: 0}
  m_LightProbeVolumeOverride: {fileID: 0}
  m_ScaleInLightmap: 1
  m_PreserveUVs: 0
  m_IgnoreNormalsForChartDetection: 0
  m_ImportantGI: 0
  m_StitchLightmapSeams: 0
  m_SelectedEditorRenderState: 0
  m_MinimumChartSize: 4
  m_AutoUVMaxDistance: 0.5
  m_AutoUVMaxAngle: 89
  m_LightmapParameters: {fileID: 0}
  m_SortingLayerID: 0
  m_SortingLayer: 0
  m_SortingOrder: 0
  m_Sprite: {fileID: 0}
  m_Color: {r: 1, g: 1, b: 1, a: 1}
  m_FlipX: 0
  m_FlipY: 0
  m_DrawMode: 0
  m_Size: {x: 1, y: 1}
  m_AdaptiveModeThreshold: 0.5
  m_SpriteTileMode: 0
  m_WasSpriteAssigned: 0
  m_MaskInteraction: 0
