%YAML 1.1
%TAG !u! tag:unity3d.com,2011:
--- !u!1001 &100100000
Prefab:
  m_ObjectHideFlags: 1
  serializedVersion: 2
  m_Modification:
    m_TransformParent: {fileID: 0}
    m_Modifications: []
    m_RemovedComponents: []
  m_SourcePrefab: {fileID: 0}
  m_RootGameObject: {fileID: 1574828292430344}
  m_IsPrefabAsset: 1
--- !u!1 &1148505312175272
GameObject:
  m_ObjectHideFlags: 0
  m_CorrespondingSourceObject: {fileID: 0}
  m_PrefabInternal: {fileID: 100100000}
  serializedVersion: 6
  m_Component:
  - component: {fileID: 4484217945106176}
  - component: {fileID: 114232979094340308}
  m_Layer: 0
  m_Name: Mui ten xanh (1)
  m_TagString: Untagged
  m_Icon: {fileID: 0}
  m_NavMeshLayer: 0
  m_StaticEditorFlags: 0
  m_IsActive: 1
--- !u!1 &1153176890135186
GameObject:
  m_ObjectHideFlags: 0
  m_CorrespondingSourceObject: {fileID: 0}
  m_PrefabInternal: {fileID: 100100000}
  serializedVersion: 6
  m_Component:
  - component: {fileID: 4062640239796646}
  - component: {fileID: 114656847072572148}
  m_Layer: 0
  m_Name: Nhang 2
  m_TagString: Untagged
  m_Icon: {fileID: 0}
  m_NavMeshLayer: 0
  m_StaticEditorFlags: 0
  m_IsActive: 1
--- !u!1 &1222460753515480
GameObject:
  m_ObjectHideFlags: 0
  m_CorrespondingSourceObject: {fileID: 0}
  m_PrefabInternal: {fileID: 100100000}
  serializedVersion: 6
  m_Component:
  - component: {fileID: 4265508665432462}
  - component: {fileID: 114717945228222100}
  m_Layer: 0
  m_Name: Nhang 2
  m_TagString: Untagged
  m_Icon: {fileID: 0}
  m_NavMeshLayer: 0
  m_StaticEditorFlags: 0
  m_IsActive: 1
--- !u!1 &1318266349531834
GameObject:
  m_ObjectHideFlags: 0
  m_CorrespondingSourceObject: {fileID: 0}
  m_PrefabInternal: {fileID: 100100000}
  serializedVersion: 6
  m_Component:
  - component: {fileID: 4776561442624716}
  - component: {fileID: 114574577926888966}
  m_Layer: 0
  m_Name: Muoi
  m_TagString: Untagged
  m_Icon: {fileID: 0}
  m_NavMeshLayer: 0
  m_StaticEditorFlags: 0
  m_IsActive: 1
--- !u!1 &1327486083347252
GameObject:
  m_ObjectHideFlags: 0
  m_CorrespondingSourceObject: {fileID: 0}
  m_PrefabInternal: {fileID: 100100000}
  serializedVersion: 6
  m_Component:
  - component: {fileID: 4418179986430916}
  - component: {fileID: 114965492022408718}
  m_Layer: 0
  m_Name: Muoi
  m_TagString: Untagged
  m_Icon: {fileID: 0}
  m_NavMeshLayer: 0
  m_StaticEditorFlags: 0
  m_IsActive: 1
--- !u!1 &1345135353782662
GameObject:
  m_ObjectHideFlags: 0
  m_CorrespondingSourceObject: {fileID: 0}
  m_PrefabInternal: {fileID: 100100000}
  serializedVersion: 6
  m_Component:
  - component: {fileID: 4153160924901076}
  - component: {fileID: 114881399659737278}
  m_Layer: 0
  m_Name: Nhang 8
  m_TagString: Untagged
  m_Icon: {fileID: 0}
  m_NavMeshLayer: 0
  m_StaticEditorFlags: 0
  m_IsActive: 1
--- !u!1 &1478393777823750
GameObject:
  m_ObjectHideFlags: 0
  m_CorrespondingSourceObject: {fileID: 0}
  m_PrefabInternal: {fileID: 100100000}
  serializedVersion: 6
  m_Component:
  - component: {fileID: 4566902048419362}
  - component: {fileID: 114141473884582800}
  m_Layer: 0
  m_Name: Nhang 8
  m_TagString: Untagged
  m_Icon: {fileID: 0}
  m_NavMeshLayer: 0
  m_StaticEditorFlags: 0
  m_IsActive: 1
--- !u!1 &1479637228793414
GameObject:
  m_ObjectHideFlags: 0
  m_CorrespondingSourceObject: {fileID: 0}
  m_PrefabInternal: {fileID: 100100000}
  serializedVersion: 6
  m_Component:
  - component: {fileID: 4768783449322110}
  - component: {fileID: 114350443205559358}
  m_Layer: 0
  m_Name: Nhang 7
  m_TagString: Untagged
  m_Icon: {fileID: 0}
  m_NavMeshLayer: 0
  m_StaticEditorFlags: 0
  m_IsActive: 1
--- !u!1 &1498382518968518
GameObject:
  m_ObjectHideFlags: 0
  m_CorrespondingSourceObject: {fileID: 0}
  m_PrefabInternal: {fileID: 100100000}
  serializedVersion: 6
  m_Component:
  - component: {fileID: 4691191989544298}
  - component: {fileID: 114985794410100832}
  m_Layer: 0
  m_Name: BigBug
  m_TagString: Untagged
  m_Icon: {fileID: 0}
  m_NavMeshLayer: 0
  m_StaticEditorFlags: 0
  m_IsActive: 1
--- !u!1 &1574828292430344
GameObject:
  m_ObjectHideFlags: 0
  m_CorrespondingSourceObject: {fileID: 0}
  m_PrefabInternal: {fileID: 100100000}
  serializedVersion: 6
  m_Component:
  - component: {fileID: 4833956869671416}
  - component: {fileID: 114532072258994600}
  m_Layer: 0
  m_Name: World Summer Hard 8 a
  m_TagString: Untagged
  m_Icon: {fileID: 0}
  m_NavMeshLayer: 0
  m_StaticEditorFlags: 0
  m_IsActive: 1
--- !u!1 &1651648167119580
GameObject:
  m_ObjectHideFlags: 0
  m_CorrespondingSourceObject: {fileID: 0}
  m_PrefabInternal: {fileID: 100100000}
  serializedVersion: 6
  m_Component:
  - component: {fileID: 4799530986124860}
  - component: {fileID: 114374848407488910}
  m_Layer: 0
  m_Name: Nhang 2
  m_TagString: Untagged
  m_Icon: {fileID: 0}
  m_NavMeshLayer: 0
  m_StaticEditorFlags: 0
  m_IsActive: 1
--- !u!1 &1696363536275600
GameObject:
  m_ObjectHideFlags: 0
  m_CorrespondingSourceObject: {fileID: 0}
  m_PrefabInternal: {fileID: 100100000}
  serializedVersion: 6
  m_Component:
  - component: {fileID: 4994808156544638}
  - component: {fileID: 114708400486956774}
  m_Layer: 0
  m_Name: Nhang 2
  m_TagString: Untagged
  m_Icon: {fileID: 0}
  m_NavMeshLayer: 0
  m_StaticEditorFlags: 0
  m_IsActive: 1
--- !u!1 &1727793556208824
GameObject:
  m_ObjectHideFlags: 0
  m_CorrespondingSourceObject: {fileID: 0}
  m_PrefabInternal: {fileID: 100100000}
  serializedVersion: 6
  m_Component:
  - component: {fileID: 4346320384166802}
  - component: {fileID: 114269317521042978}
  m_Layer: 0
  m_Name: Mui ten xanh (2)
  m_TagString: Untagged
  m_Icon: {fileID: 0}
  m_NavMeshLayer: 0
  m_StaticEditorFlags: 0
  m_IsActive: 1
--- !u!1 &1789749257385122
GameObject:
  m_ObjectHideFlags: 0
  m_CorrespondingSourceObject: {fileID: 0}
  m_PrefabInternal: {fileID: 100100000}
  serializedVersion: 6
  m_Component:
  - component: {fileID: 4979962457956660}
  - component: {fileID: 114142232387173116}
  m_Layer: 0
  m_Name: Nhang 8
  m_TagString: Untagged
  m_Icon: {fileID: 0}
  m_NavMeshLayer: 0
  m_StaticEditorFlags: 0
  m_IsActive: 1
--- !u!1 &1832366718067262
GameObject:
  m_ObjectHideFlags: 0
  m_CorrespondingSourceObject: {fileID: 0}
  m_PrefabInternal: {fileID: 100100000}
  serializedVersion: 6
  m_Component:
  - component: {fileID: 4371672846542996}
  - component: {fileID: 114564284781030006}
  m_Layer: 0
  m_Name: Nhang 7
  m_TagString: Untagged
  m_Icon: {fileID: 0}
  m_NavMeshLayer: 0
  m_StaticEditorFlags: 0
  m_IsActive: 1
--- !u!1 &1861485798712134
GameObject:
  m_ObjectHideFlags: 0
  m_CorrespondingSourceObject: {fileID: 0}
  m_PrefabInternal: {fileID: 100100000}
  serializedVersion: 6
  m_Component:
  - component: {fileID: 4711687118546032}
  - component: {fileID: 114496859696428430}
  m_Layer: 0
  m_Name: Nhang 2
  m_TagString: Untagged
  m_Icon: {fileID: 0}
  m_NavMeshLayer: 0
  m_StaticEditorFlags: 0
  m_IsActive: 1
--- !u!1 &1878456211394582
GameObject:
  m_ObjectHideFlags: 0
  m_CorrespondingSourceObject: {fileID: 0}
  m_PrefabInternal: {fileID: 100100000}
  serializedVersion: 6
  m_Component:
  - component: {fileID: 4263900800187402}
  - component: {fileID: 114506997912254504}
  m_Layer: 0
  m_Name: Nhang 2
  m_TagString: Untagged
  m_Icon: {fileID: 0}
  m_NavMeshLayer: 0
  m_StaticEditorFlags: 0
  m_IsActive: 1
--- !u!4 &4062640239796646
Transform:
  m_ObjectHideFlags: 1
  m_CorrespondingSourceObject: {fileID: 0}
  m_PrefabInternal: {fileID: 100100000}
  m_GameObject: {fileID: 1153176890135186}
  m_LocalRotation: {x: -0, y: -0, z: -0, w: 1}
  m_LocalPosition: {x: 5.3, y: 6.31, z: 0}
  m_LocalScale: {x: 1, y: 1, z: 1}
  m_Children: []
  m_Father: {fileID: 4833956869671416}
  m_RootOrder: 10
  m_LocalEulerAnglesHint: {x: 0, y: 0, z: 0}
--- !u!4 &4153160924901076
Transform:
  m_ObjectHideFlags: 1
  m_CorrespondingSourceObject: {fileID: 0}
  m_PrefabInternal: {fileID: 100100000}
  m_GameObject: {fileID: 1345135353782662}
  m_LocalRotation: {x: -0, y: -0, z: -0, w: 1}
  m_LocalPosition: {x: -7.81, y: 4.7400002, z: 0}
  m_LocalScale: {x: 1, y: 1, z: 1}
  m_Children: []
  m_Father: {fileID: 4833956869671416}
  m_RootOrder: 8
  m_LocalEulerAnglesHint: {x: 0, y: 0, z: 0}
--- !u!4 &4263900800187402
Transform:
  m_ObjectHideFlags: 1
  m_CorrespondingSourceObject: {fileID: 0}
  m_PrefabInternal: {fileID: 100100000}
  m_GameObject: {fileID: 1878456211394582}
  m_LocalRotation: {x: -0, y: -0, z: -0, w: 1}
  m_LocalPosition: {x: -5.0700006, y: 3.7000003, z: 0}
  m_LocalScale: {x: 1, y: 1, z: 1}
  m_Children: []
  m_Father: {fileID: 4833956869671416}
  m_RootOrder: 7
  m_LocalEulerAnglesHint: {x: 0, y: 0, z: 0}
--- !u!4 &4265508665432462
Transform:
  m_ObjectHideFlags: 1
  m_CorrespondingSourceObject: {fileID: 0}
  m_PrefabInternal: {fileID: 100100000}
  m_GameObject: {fileID: 1222460753515480}
  m_LocalRotation: {x: -0, y: -0, z: -0, w: 1}
  m_LocalPosition: {x: -5.07, y: 2.25, z: 0}
  m_LocalScale: {x: 1, y: 1, z: 1}
  m_Children: []
  m_Father: {fileID: 4833956869671416}
  m_RootOrder: 12
  m_LocalEulerAnglesHint: {x: 0, y: 0, z: 0}
--- !u!4 &4346320384166802
Transform:
  m_ObjectHideFlags: 1
  m_CorrespondingSourceObject: {fileID: 0}
  m_PrefabInternal: {fileID: 100100000}
  m_GameObject: {fileID: 1727793556208824}
  m_LocalRotation: {x: -0, y: -0, z: -0, w: 1}
  m_LocalPosition: {x: 5.11, y: 6.46, z: 0}
  m_LocalScale: {x: 1, y: 1, z: 1}
  m_Children: []
  m_Father: {fileID: 4833956869671416}
  m_RootOrder: 3
  m_LocalEulerAnglesHint: {x: 0, y: 0, z: 0}
--- !u!4 &4371672846542996
Transform:
  m_ObjectHideFlags: 1
  m_CorrespondingSourceObject: {fileID: 0}
  m_PrefabInternal: {fileID: 100100000}
  m_GameObject: {fileID: 1832366718067262}
  m_LocalRotation: {x: -0, y: -0, z: -0, w: 1}
  m_LocalPosition: {x: -6.49, y: 3.57, z: 0}
  m_LocalScale: {x: 1, y: 1, z: 1}
  m_Children: []
  m_Father: {fileID: 4833956869671416}
  m_RootOrder: 5
  m_LocalEulerAnglesHint: {x: 0, y: 0, z: 0}
--- !u!4 &4418179986430916
Transform:
  m_ObjectHideFlags: 1
  m_CorrespondingSourceObject: {fileID: 0}
  m_PrefabInternal: {fileID: 100100000}
  m_GameObject: {fileID: 1327486083347252}
  m_LocalRotation: {x: -0, y: -0, z: -0, w: 1}
  m_LocalPosition: {x: 5.61, y: 9.61, z: 0}
  m_LocalScale: {x: 1, y: 1, z: 1}
  m_Children: []
  m_Father: {fileID: 4833956869671416}
  m_RootOrder: 0
  m_LocalEulerAnglesHint: {x: 0, y: 0, z: 0}
--- !u!4 &4484217945106176
Transform:
  m_ObjectHideFlags: 1
  m_CorrespondingSourceObject: {fileID: 0}
  m_PrefabInternal: {fileID: 100100000}
  m_GameObject: {fileID: 1148505312175272}
  m_LocalRotation: {x: -0, y: -0, z: -0, w: 1}
  m_LocalPosition: {x: -5.08, y: 6.46, z: 0}
  m_LocalScale: {x: 1, y: 1, z: 1}
  m_Children: []
  m_Father: {fileID: 4833956869671416}
  m_RootOrder: 2
  m_LocalEulerAnglesHint: {x: 0, y: 0, z: 0}
--- !u!4 &4566902048419362
Transform:
  m_ObjectHideFlags: 1
  m_CorrespondingSourceObject: {fileID: 0}
  m_PrefabInternal: {fileID: 100100000}
  m_GameObject: {fileID: 1478393777823750}
  m_LocalRotation: {x: -0, y: -0, z: -0, w: 1}
  m_LocalPosition: {x: -7.81, y: 2.5600002, z: 0}
  m_LocalScale: {x: 1, y: 1, z: 1}
  m_Children: []
  m_Father: {fileID: 4833956869671416}
  m_RootOrder: 9
  m_LocalEulerAnglesHint: {x: 0, y: 0, z: 0}
--- !u!4 &4691191989544298
Transform:
  m_ObjectHideFlags: 1
  m_CorrespondingSourceObject: {fileID: 0}
  m_PrefabInternal: {fileID: 100100000}
  m_GameObject: {fileID: 1498382518968518}
  m_LocalRotation: {x: -0, y: -0, z: -0, w: 1}
  m_LocalPosition: {x: 1.97, y: 9.46, z: 0}
  m_LocalScale: {x: 1, y: 1, z: 1}
  m_Children: []
  m_Father: {fileID: 4833956869671416}
  m_RootOrder: 6
  m_LocalEulerAnglesHint: {x: 0, y: 0, z: 0}
--- !u!4 &4711687118546032
Transform:
  m_ObjectHideFlags: 1
  m_CorrespondingSourceObject: {fileID: 0}
  m_PrefabInternal: {fileID: 100100000}
  m_GameObject: {fileID: 1861485798712134}
  m_LocalRotation: {x: -0, y: -0, z: -0, w: 1}
  m_LocalPosition: {x: 5.3, y: 4.8599997, z: 0}
  m_LocalScale: {x: 1, y: 1, z: 1}
  m_Children: []
  m_Father: {fileID: 4833956869671416}
  m_RootOrder: 11
  m_LocalEulerAnglesHint: {x: 0, y: 0, z: 0}
--- !u!4 &4768783449322110
Transform:
  m_ObjectHideFlags: 1
  m_CorrespondingSourceObject: {fileID: 0}
  m_PrefabInternal: {fileID: 100100000}
  m_GameObject: {fileID: 1479637228793414}
  m_LocalRotation: {x: -0, y: -0, z: -0, w: 1}
  m_LocalPosition: {x: -6.49, y: 5.75, z: 0}
  m_LocalScale: {x: 1, y: 1, z: 1}
  m_Children: []
  m_Father: {fileID: 4833956869671416}
  m_RootOrder: 4
  m_LocalEulerAnglesHint: {x: 0, y: 0, z: 0}
--- !u!4 &4776561442624716
Transform:
  m_ObjectHideFlags: 1
  m_CorrespondingSourceObject: {fileID: 0}
  m_PrefabInternal: {fileID: 100100000}
  m_GameObject: {fileID: 1318266349531834}
  m_LocalRotation: {x: -0, y: -0, z: -0, w: 1}
  m_LocalPosition: {x: 3.02, y: 9.61, z: 0}
  m_LocalScale: {x: 1, y: 1, z: 1}
  m_Children: []
  m_Father: {fileID: 4833956869671416}
  m_RootOrder: 1
  m_LocalEulerAnglesHint: {x: 0, y: 0, z: 0}
--- !u!4 &4799530986124860
Transform:
  m_ObjectHideFlags: 1
  m_CorrespondingSourceObject: {fileID: 0}
  m_PrefabInternal: {fileID: 100100000}
  m_GameObject: {fileID: 1651648167119580}
  m_LocalRotation: {x: -0, y: -0, z: -0, w: 1}
  m_LocalPosition: {x: 5.159999, y: 0.030000329, z: 0}
  m_LocalScale: {x: 1, y: 1, z: 1}
  m_Children: []
  m_Father: {fileID: 4833956869671416}
  m_RootOrder: 13
  m_LocalEulerAnglesHint: {x: 0, y: 0, z: 0}
--- !u!4 &4833956869671416
Transform:
  m_ObjectHideFlags: 1
  m_CorrespondingSourceObject: {fileID: 0}
  m_PrefabInternal: {fileID: 100100000}
  m_GameObject: {fileID: 1574828292430344}
  m_LocalRotation: {x: -0, y: -0, z: -0, w: 1}
  m_LocalPosition: {x: 0, y: 0, z: 0}
  m_LocalScale: {x: 1, y: 1, z: 1}
  m_Children:
  - {fileID: 4418179986430916}
  - {fileID: 4776561442624716}
  - {fileID: 4484217945106176}
  - {fileID: 4346320384166802}
  - {fileID: 4768783449322110}
  - {fileID: 4371672846542996}
  - {fileID: 4691191989544298}
  - {fileID: 4263900800187402}
  - {fileID: 4153160924901076}
  - {fileID: 4566902048419362}
  - {fileID: 4062640239796646}
  - {fileID: 4711687118546032}
  - {fileID: 4265508665432462}
  - {fileID: 4799530986124860}
  - {fileID: 4994808156544638}
  - {fileID: 4979962457956660}
  m_Father: {fileID: 0}
  m_RootOrder: 0
  m_LocalEulerAnglesHint: {x: 0, y: 0, z: 0}
--- !u!4 &4979962457956660
Transform:
  m_ObjectHideFlags: 1
  m_CorrespondingSourceObject: {fileID: 0}
  m_PrefabInternal: {fileID: 100100000}
  m_GameObject: {fileID: 1789749257385122}
  m_LocalRotation: {x: -0, y: -0, z: -0, w: 1}
  m_LocalPosition: {x: -3.52, y: 10.38, z: 0}
  m_LocalScale: {x: 1, y: 1, z: 1}
  m_Children: []
  m_Father: {fileID: 4833956869671416}
  m_RootOrder: 15
  m_LocalEulerAnglesHint: {x: 0, y: 0, z: 0}
--- !u!4 &4994808156544638
Transform:
  m_ObjectHideFlags: 1
  m_CorrespondingSourceObject: {fileID: 0}
  m_PrefabInternal: {fileID: 100100000}
  m_GameObject: {fileID: 1696363536275600}
  m_LocalRotation: {x: -0, y: -0, z: -0, w: 1}
  m_LocalPosition: {x: 5.16, y: -1.42, z: 0}
  m_LocalScale: {x: 1, y: 1, z: 1}
  m_Children: []
  m_Father: {fileID: 4833956869671416}
  m_RootOrder: 14
  m_LocalEulerAnglesHint: {x: 0, y: 0, z: 0}
--- !u!114 &114141473884582800
MonoBehaviour:
  m_ObjectHideFlags: 1
  m_CorrespondingSourceObject: {fileID: 0}
  m_PrefabInternal: {fileID: 100100000}
  m_GameObject: {fileID: 1478393777823750}
  m_Enabled: 1
  m_EditorHideFlags: 0
  m_Script: {fileID: 11500000, guid: 759cc6e4e9140f445b13d21f97c413f4, type: 3}
  m_Name: 
  m_EditorClassIdentifier: 
  path: {fileID: 114756342956464682, guid: 7d1f9ecbbb303754180953ad2817875b, type: 2}
  timeToBegin: 8
  timeToEnd: -1
  timeToNextEnemy: 0.3
  totalEnemy: 1
  uid: 0
  listMiniTurn:
  - enemyPrefab: {fileID: 1532612987819876, guid: d3e9ddde55dba894d91c2f69a4fbd472,
      type: 2}
    properties: []
    pointAndAction:
    - listAcitonName:
      - DropItem
      - Pause
      - ChangeSpeed
      type: Dead by player
      x: 0
      actionName: DropItem
    - listAcitonName:
      - DropItem
      - Pause
      - ChangeSpeed
      type: Point = X
      x: 1
      actionName: ChangeSpeed
    newSpeed: 3
    timePauseAction: 4
    newPath: {fileID: 114974748681575488, guid: 390974923126d0441a982bae88046491,
      type: 2}
    posStartPathNew: {x: -2.5, y: 3, z: 0}
    syncAnimation: 0
    enemyStartByNumber: 1
    number: 4
    enemyStartByPosition: 0
    startPosition:
    - {x: 0, y: 0}
    - {x: 1, y: -1}
    - {x: 2, y: -2}
    - {x: 1, y: -3}
    - {x: 2, y: -4}
  changeDurationCamera:
    changeSpeedCamera: 0
    speedBG: 2
    speedDecor: 2.6
    timeChange: 3
--- !u!114 &114142232387173116
MonoBehaviour:
  m_ObjectHideFlags: 1
  m_CorrespondingSourceObject: {fileID: 0}
  m_PrefabInternal: {fileID: 100100000}
  m_GameObject: {fileID: 1789749257385122}
  m_Enabled: 1
  m_EditorHideFlags: 0
  m_Script: {fileID: 11500000, guid: 759cc6e4e9140f445b13d21f97c413f4, type: 3}
  m_Name: 
  m_EditorClassIdentifier: 
  path: {fileID: 114302577651981328, guid: ad56aba399d93a146aec3bb4a0051cd6, type: 2}
  timeToBegin: 15
  timeToEnd: -1
  timeToNextEnemy: 0.3
  totalEnemy: 1
  uid: 0
  listMiniTurn:
  - enemyPrefab: {fileID: 1532612987819876, guid: d3e9ddde55dba894d91c2f69a4fbd472,
      type: 2}
    properties: []
    pointAndAction:
    - listAcitonName:
      - DropItem
      - Pause
      - ChangeSpeed
      type: Dead by player
      x: 0
      actionName: DropItem
    - listAcitonName:
      - DropItem
      - Pause
      - ChangeSpeed
      type: Point = X
      x: 0
      actionName: ChangeSpeed
    newSpeed: 4
    timePauseAction: 4
    newPath: {fileID: 114845254437007288, guid: 63e1e2d166cef3b4f9254bfb1fd9ab92,
      type: 2}
    posStartPathNew: {x: 0, y: 0, z: 0}
    syncAnimation: 0
    enemyStartByNumber: 1
    number: 8
    enemyStartByPosition: 0
    startPosition:
    - {x: 0, y: 0}
    - {x: -1, y: 1}
    - {x: 1, y: 1}
    - {x: -2, y: 2}
    - {x: 2, y: 2}
    - {x: 3, y: 3}
    - {x: -3, y: 3}
  changeDurationCamera:
    changeSpeedCamera: 0
    speedBG: 2
    speedDecor: 2.6
    timeChange: 3
--- !u!114 &114232979094340308
MonoBehaviour:
  m_ObjectHideFlags: 1
  m_CorrespondingSourceObject: {fileID: 0}
  m_PrefabInternal: {fileID: 100100000}
  m_GameObject: {fileID: 1148505312175272}
  m_Enabled: 1
  m_EditorHideFlags: 0
  m_Script: {fileID: 11500000, guid: 759cc6e4e9140f445b13d21f97c413f4, type: 3}
  m_Name: 
  m_EditorClassIdentifier: 
  path: {fileID: 114013852137702182, guid: d642a2e73473f01429adaa837295636a, type: 2}
  timeToBegin: 0
  timeToEnd: -1
  timeToNextEnemy: 0.5
  totalEnemy: 1
  uid: 0
  listMiniTurn:
  - enemyPrefab: {fileID: 1465748204405224, guid: 5bda467716f549240bae9c415f751814,
      type: 2}
    properties: []
    pointAndAction:
    - listAcitonName:
      - PauseAndShootLoop
      - DropItem
      - ChangeSpeed
      - ChangeToPathLoop
      type: Dead by player
      x: 14
      actionName: DropItem
    - listAcitonName:
      - PauseAndShootLoop
      - DropItem
      - ChangeSpeed
      - ChangeToPathLoop
      type: Point = X
      x: 1
      actionName: ChangeSpeed
    - listAcitonName:
      - PauseAndShootLoop
      - DropItem
      - ChangeSpeed
      - ChangeToPathLoop
      type: After X Millisecond
      x: 2000
      actionName: PauseAndShootLoop
    - listAcitonName:
      - PauseAndShootLoop
      - DropItem
      - ChangeSpeed
      - ChangeToPathLoop
      type: Point = X
      x: 1
      actionName: ChangeToPathLoop
    newSpeed: 3
    timePauseAction: 4
    newPath: {fileID: 114040254572796936, guid: 186e887b306281648a7e68eda001c6de,
      type: 2}
    posStartPathNew: {x: -3, y: 3, z: 0}
    syncAnimation: 0
    enemyStartByNumber: 1
    number: 0
    enemyStartByPosition: 0
    startPosition:
    - {x: 1, y: 0}
    - {x: 0, y: 0}
    - {x: -1, y: 0}
  changeDurationCamera:
    changeSpeedCamera: 0
    speedBG: 2
    speedDecor: 2.6
    timeChange: 3
--- !u!114 &114269317521042978
MonoBehaviour:
  m_ObjectHideFlags: 1
  m_CorrespondingSourceObject: {fileID: 0}
  m_PrefabInternal: {fileID: 100100000}
  m_GameObject: {fileID: 1727793556208824}
  m_Enabled: 1
  m_EditorHideFlags: 0
  m_Script: {fileID: 11500000, guid: 759cc6e4e9140f445b13d21f97c413f4, type: 3}
  m_Name: 
  m_EditorClassIdentifier: 
  path: {fileID: 114898223248450080, guid: da2f8532a95957d4c8a2e265761c8ba9, type: 2}
  timeToBegin: 0
  timeToEnd: -1
  timeToNextEnemy: 0.5
  totalEnemy: 1
  uid: 0
  listMiniTurn:
  - enemyPrefab: {fileID: 1465748204405224, guid: 5bda467716f549240bae9c415f751814,
      type: 2}
    properties: []
    pointAndAction:
    - listAcitonName:
      - PauseAndShootLoop
      - DropItem
      - ChangeSpeed
      - ChangeToPathLoop
      type: Dead by player
      x: 14
      actionName: DropItem
    - listAcitonName:
      - PauseAndShootLoop
      - DropItem
      - ChangeSpeed
      - ChangeToPathLoop
      type: Point = X
      x: 1
      actionName: ChangeSpeed
    - listAcitonName:
      - PauseAndShootLoop
      - DropItem
      - ChangeSpeed
      - ChangeToPathLoop
      type: After X Millisecond
      x: 2000
      actionName: PauseAndShootLoop
    - listAcitonName:
      - PauseAndShootLoop
      - DropItem
      - ChangeSpeed
      - ChangeToPathLoop
      type: Point = X
      x: 1
      actionName: ChangeToPathLoop
    newSpeed: 3
    timePauseAction: 4
    newPath: {fileID: 114742535289696352, guid: 2a2083d91c617ab40a728dae76b24c64,
      type: 2}
    posStartPathNew: {x: 3, y: 3, z: 0}
    syncAnimation: 0
    enemyStartByNumber: 1
    number: 0
    enemyStartByPosition: 0
    startPosition:
    - {x: 1, y: 0}
    - {x: 0, y: 0}
    - {x: -1, y: 0}
  changeDurationCamera:
    changeSpeedCamera: 0
    speedBG: 2
    speedDecor: 2.6
    timeChange: 3
--- !u!114 &114350443205559358
MonoBehaviour:
  m_ObjectHideFlags: 1
  m_CorrespondingSourceObject: {fileID: 0}
  m_PrefabInternal: {fileID: 100100000}
  m_GameObject: {fileID: 1479637228793414}
  m_Enabled: 1
  m_EditorHideFlags: 0
  m_Script: {fileID: 11500000, guid: 759cc6e4e9140f445b13d21f97c413f4, type: 3}
  m_Name: 
  m_EditorClassIdentifier: 
  path: {fileID: 114756342956464682, guid: 7d1f9ecbbb303754180953ad2817875b, type: 2}
  timeToBegin: 5
  timeToEnd: -1
  timeToNextEnemy: 0.3
  totalEnemy: 1
  uid: 0
  listMiniTurn:
  - enemyPrefab: {fileID: 1532612987819876, guid: d3e9ddde55dba894d91c2f69a4fbd472,
      type: 2}
    properties: []
    pointAndAction:
    - listAcitonName:
      - DropItem
      - Pause
      - ChangeSpeed
      type: Dead by player
      x: 0
      actionName: DropItem
    - listAcitonName:
      - DropItem
      - Pause
      - ChangeSpeed
      type: Point = X
      x: 1
      actionName: ChangeSpeed
    newSpeed: 3
    timePauseAction: 4
    newPath: {fileID: 114974748681575488, guid: 390974923126d0441a982bae88046491,
      type: 2}
    posStartPathNew: {x: -2.5, y: 3, z: 0}
    syncAnimation: 0
    enemyStartByNumber: 1
    number: 4
    enemyStartByPosition: 0
    startPosition:
    - {x: 0, y: 0}
    - {x: 1, y: -1}
    - {x: 2, y: -2}
    - {x: 1, y: -3}
    - {x: 2, y: -4}
  changeDurationCamera:
    changeSpeedCamera: 0
    speedBG: 2
    speedDecor: 2.6
    timeChange: 3
--- !u!114 &114374848407488910
MonoBehaviour:
  m_ObjectHideFlags: 1
  m_CorrespondingSourceObject: {fileID: 0}
  m_PrefabInternal: {fileID: 100100000}
  m_GameObject: {fileID: 1651648167119580}
  m_Enabled: 1
  m_EditorHideFlags: 0
  m_Script: {fileID: 11500000, guid: 759cc6e4e9140f445b13d21f97c413f4, type: 3}
  m_Name: 
  m_EditorClassIdentifier: 
  path: {fileID: 114007899756654582, guid: f048cabdc68bfe348a57678458a67d77, type: 2}
  timeToBegin: 13
  timeToEnd: -1
  timeToNextEnemy: 0.5
  totalEnemy: 1
  uid: 0
  listMiniTurn:
  - enemyPrefab: {fileID: 1532612987819876, guid: d3e9ddde55dba894d91c2f69a4fbd472,
      type: 2}
    properties: []
    pointAndAction:
    - listAcitonName:
      - DropItem
      - Pause
      - ChangeSpeed
      type: Dead by player
      x: 0
      actionName: DropItem
    - listAcitonName:
      - DropItem
      - Pause
      - ChangeSpeed
      type: Point = X
      x: 0
      actionName: ChangeSpeed
    newSpeed: 5
    timePauseAction: 4
    newPath: {fileID: 114845254437007288, guid: 63e1e2d166cef3b4f9254bfb1fd9ab92,
      type: 2}
    posStartPathNew: {x: 0, y: 0, z: 0}
    syncAnimation: 0
    enemyStartByNumber: 1
    number: 7
    enemyStartByPosition: 0
    startPosition:
    - {x: 1, y: 0}
    - {x: 5, y: 0}
  changeDurationCamera:
    changeSpeedCamera: 0
    speedBG: 2
    speedDecor: 2.6
    timeChange: 3
--- !u!114 &114496859696428430
MonoBehaviour:
  m_ObjectHideFlags: 1
  m_CorrespondingSourceObject: {fileID: 0}
  m_PrefabInternal: {fileID: 100100000}
  m_GameObject: {fileID: 1861485798712134}
  m_Enabled: 1
  m_EditorHideFlags: 0
  m_Script: {fileID: 11500000, guid: 759cc6e4e9140f445b13d21f97c413f4, type: 3}
  m_Name: 
  m_EditorClassIdentifier: 
  path: {fileID: 114007899756654582, guid: f048cabdc68bfe348a57678458a67d77, type: 2}
  timeToBegin: 10
  timeToEnd: -1
  timeToNextEnemy: 0.5
  totalEnemy: 1
  uid: 0
  listMiniTurn:
  - enemyPrefab: {fileID: 1532612987819876, guid: d3e9ddde55dba894d91c2f69a4fbd472,
      type: 2}
    properties: []
    pointAndAction:
    - listAcitonName:
      - DropItem
      - Pause
      - ChangeSpeed
      type: Dead by player
      x: 0
      actionName: DropItem
    - listAcitonName:
      - DropItem
      - Pause
      - ChangeSpeed
      type: Point = X
      x: 0
      actionName: ChangeSpeed
    newSpeed: 5
    timePauseAction: 4
    newPath: {fileID: 114845254437007288, guid: 63e1e2d166cef3b4f9254bfb1fd9ab92,
      type: 2}
    posStartPathNew: {x: 0, y: 0, z: 0}
    syncAnimation: 0
    enemyStartByNumber: 1
    number: 7
    enemyStartByPosition: 0
    startPosition:
    - {x: 1, y: 0}
    - {x: 5, y: 0}
  changeDurationCamera:
    changeSpeedCamera: 0
    speedBG: 2
    speedDecor: 2.6
    timeChange: 3
--- !u!114 &114506997912254504
MonoBehaviour:
  m_ObjectHideFlags: 1
  m_CorrespondingSourceObject: {fileID: 0}
  m_PrefabInternal: {fileID: 100100000}
  m_GameObject: {fileID: 1878456211394582}
  m_Enabled: 1
  m_EditorHideFlags: 0
  m_Script: {fileID: 11500000, guid: 759cc6e4e9140f445b13d21f97c413f4, type: 3}
  m_Name: 
  m_EditorClassIdentifier: 
  path: {fileID: 114007899756654582, guid: c09070073f2d45740915e78e7be31449, type: 2}
  timeToBegin: 11
  timeToEnd: -1
  timeToNextEnemy: 0.5
  totalEnemy: 1
  uid: 0
  listMiniTurn:
  - enemyPrefab: {fileID: 1532612987819876, guid: d3e9ddde55dba894d91c2f69a4fbd472,
      type: 2}
    properties: []
    pointAndAction:
    - listAcitonName:
      - DropItem
      - Pause
      - ChangeSpeed
      type: Dead by player
      x: 0
      actionName: DropItem
    - listAcitonName:
      - DropItem
      - Pause
      - ChangeSpeed
      type: Point = X
      x: 0
      actionName: ChangeSpeed
    newSpeed: 5
    timePauseAction: 4
    newPath: {fileID: 114845254437007288, guid: 63e1e2d166cef3b4f9254bfb1fd9ab92,
      type: 2}
    posStartPathNew: {x: 0, y: 0, z: 0}
    syncAnimation: 0
    enemyStartByNumber: 1
    number: 7
    enemyStartByPosition: 0
    startPosition:
    - {x: 1, y: 0}
    - {x: 5, y: 0}
  changeDurationCamera:
    changeSpeedCamera: 0
    speedBG: 2
    speedDecor: 2.6
    timeChange: 3
--- !u!114 &114532072258994600
MonoBehaviour:
  m_ObjectHideFlags: 1
  m_CorrespondingSourceObject: {fileID: 0}
  m_PrefabInternal: {fileID: 100100000}
  m_GameObject: {fileID: 1574828292430344}
  m_Enabled: 1
  m_EditorHideFlags: 0
  m_Script: {fileID: 11500000, guid: fc7a5de42f2567642b9024df07f4b5dd, type: 3}
  m_Name: 
  m_EditorClassIdentifier: 
  StartTurnAsync: 0
  uid: 0
  mTM: []
--- !u!114 &114564284781030006
MonoBehaviour:
  m_ObjectHideFlags: 1
  m_CorrespondingSourceObject: {fileID: 0}
  m_PrefabInternal: {fileID: 100100000}
  m_GameObject: {fileID: 1832366718067262}
  m_Enabled: 1
  m_EditorHideFlags: 0
  m_Script: {fileID: 11500000, guid: 759cc6e4e9140f445b13d21f97c413f4, type: 3}
  m_Name: 
  m_EditorClassIdentifier: 
  path: {fileID: 114756342956464682, guid: 7d1f9ecbbb303754180953ad2817875b, type: 2}
  timeToBegin: 7
  timeToEnd: -1
  timeToNextEnemy: 0.3
  totalEnemy: 1
  uid: 0
  listMiniTurn:
  - enemyPrefab: {fileID: 1532612987819876, guid: d3e9ddde55dba894d91c2f69a4fbd472,
      type: 2}
    properties: []
    pointAndAction:
    - listAcitonName:
      - DropItem
      - Pause
      - ChangeSpeed
      type: Dead by player
      x: 0
      actionName: DropItem
    - listAcitonName:
      - DropItem
      - Pause
      - ChangeSpeed
      type: Point = X
      x: 1
      actionName: ChangeSpeed
    newSpeed: 3
    timePauseAction: 4
    newPath: {fileID: 114974748681575488, guid: 390974923126d0441a982bae88046491,
      type: 2}
    posStartPathNew: {x: -2.5, y: 3, z: 0}
    syncAnimation: 0
    enemyStartByNumber: 1
    number: 4
    enemyStartByPosition: 0
    startPosition:
    - {x: 0, y: 0}
    - {x: 1, y: -1}
    - {x: 2, y: -2}
    - {x: 1, y: -3}
    - {x: 2, y: -4}
  changeDurationCamera:
    changeSpeedCamera: 0
    speedBG: 2
    speedDecor: 2.6
    timeChange: 3
--- !u!114 &114574577926888966
MonoBehaviour:
  m_ObjectHideFlags: 1
  m_CorrespondingSourceObject: {fileID: 0}
  m_PrefabInternal: {fileID: 100100000}
  m_GameObject: {fileID: 1318266349531834}
  m_Enabled: 1
  m_EditorHideFlags: 0
  m_Script: {fileID: 11500000, guid: 759cc6e4e9140f445b13d21f97c413f4, type: 3}
  m_Name: 
  m_EditorClassIdentifier: 
  path: {fileID: 114413732602659728, guid: e9e9cff0c30ee9c449f9246b3a04786c, type: 2}
  timeToBegin: 1
  timeToEnd: -1
  timeToNextEnemy: 1
  totalEnemy: 1
  uid: 0
  listMiniTurn:
  - enemyPrefab: {fileID: 1066373672532176, guid: 4441eb3323018904a98bb68426fe39db,
      type: 2}
    properties: []
    pointAndAction:
    - listAcitonName:
      - ShootLoop
      - DropItem
      - ChangeSpeed
      - ChangeToPathLoop
      - PauseAndShootLoop
      type: Dead by player
      x: 0
      actionName: DropItem
    - listAcitonName:
      - ShootLoop
      - DropItem
      - ChangeSpeed
      - ChangeToPathLoop
      - PauseAndShootLoop
      type: Point = X
      x: 0
      actionName: ChangeSpeed
    - listAcitonName:
      - ShootLoop
      - DropItem
      - ChangeSpeed
      - ChangeToPathLoop
      - PauseAndShootLoop
      type: After X Millisecond
      x: 1000
      actionName: ShootLoop
    newSpeed: 3
    timePauseAction: 4
    newPath: {fileID: 114974748681575488, guid: 390974923126d0441a982bae88046491,
      type: 2}
    posStartPathNew: {x: -2.5, y: 3, z: 0}
    syncAnimation: 0
    enemyStartByNumber: 0
    number: 3
    enemyStartByPosition: 1
    startPosition:
    - {x: 0, y: 0}
    - {x: -1, y: 1}
    - {x: -2, y: 2}
  changeDurationCamera:
    changeSpeedCamera: 0
    speedBG: 2
    speedDecor: 2.6
    timeChange: 3
--- !u!114 &114656847072572148
MonoBehaviour:
  m_ObjectHideFlags: 1
  m_CorrespondingSourceObject: {fileID: 0}
  m_PrefabInternal: {fileID: 100100000}
  m_GameObject: {fileID: 1153176890135186}
  m_Enabled: 1
  m_EditorHideFlags: 0
  m_Script: {fileID: 11500000, guid: 759cc6e4e9140f445b13d21f97c413f4, type: 3}
  m_Name: 
  m_EditorClassIdentifier: 
  path: {fileID: 114007899756654582, guid: f048cabdc68bfe348a57678458a67d77, type: 2}
  timeToBegin: 9
  timeToEnd: -1
  timeToNextEnemy: 0.5
  totalEnemy: 1
  uid: 0
  listMiniTurn:
  - enemyPrefab: {fileID: 1532612987819876, guid: d3e9ddde55dba894d91c2f69a4fbd472,
      type: 2}
    properties: []
    pointAndAction:
    - listAcitonName:
      - DropItem
      - Pause
      - ChangeSpeed
      type: Dead by player
      x: 0
      actionName: DropItem
    - listAcitonName:
      - DropItem
      - Pause
      - ChangeSpeed
      type: Point = X
      x: 0
      actionName: ChangeSpeed
    newSpeed: 5
    timePauseAction: 4
    newPath: {fileID: 114845254437007288, guid: 63e1e2d166cef3b4f9254bfb1fd9ab92,
      type: 2}
    posStartPathNew: {x: 0, y: 0, z: 0}
    syncAnimation: 0
    enemyStartByNumber: 1
    number: 7
    enemyStartByPosition: 0
    startPosition:
    - {x: 1, y: 0}
    - {x: 5, y: 0}
  changeDurationCamera:
    changeSpeedCamera: 0
    speedBG: 2
    speedDecor: 2.6
    timeChange: 3
--- !u!114 &114708400486956774
MonoBehaviour:
  m_ObjectHideFlags: 1
  m_CorrespondingSourceObject: {fileID: 0}
  m_PrefabInternal: {fileID: 100100000}
  m_GameObject: {fileID: 1696363536275600}
  m_Enabled: 1
  m_EditorHideFlags: 0
  m_Script: {fileID: 11500000, guid: 759cc6e4e9140f445b13d21f97c413f4, type: 3}
  m_Name: 
  m_EditorClassIdentifier: 
  path: {fileID: 114007899756654582, guid: f048cabdc68bfe348a57678458a67d77, type: 2}
  timeToBegin: 14
  timeToEnd: -1
  timeToNextEnemy: 0.5
  totalEnemy: 1
  uid: 0
  listMiniTurn:
  - enemyPrefab: {fileID: 1532612987819876, guid: d3e9ddde55dba894d91c2f69a4fbd472,
      type: 2}
    properties: []
    pointAndAction:
    - listAcitonName:
      - DropItem
      - Pause
      - ChangeSpeed
      type: Dead by player
      x: 0
      actionName: DropItem
    - listAcitonName:
      - DropItem
      - Pause
      - ChangeSpeed
      type: Point = X
      x: 0
      actionName: ChangeSpeed
    newSpeed: 5
    timePauseAction: 4
    newPath: {fileID: 114845254437007288, guid: 63e1e2d166cef3b4f9254bfb1fd9ab92,
      type: 2}
    posStartPathNew: {x: 0, y: 0, z: 0}
    syncAnimation: 0
    enemyStartByNumber: 1
    number: 7
    enemyStartByPosition: 0
    startPosition:
    - {x: 1, y: 0}
    - {x: 5, y: 0}
  changeDurationCamera:
    changeSpeedCamera: 0
    speedBG: 2
    speedDecor: 2.6
    timeChange: 3
--- !u!114 &114717945228222100
MonoBehaviour:
  m_ObjectHideFlags: 1
  m_CorrespondingSourceObject: {fileID: 0}
  m_PrefabInternal: {fileID: 100100000}
  m_GameObject: {fileID: 1222460753515480}
  m_Enabled: 1
  m_EditorHideFlags: 0
  m_Script: {fileID: 11500000, guid: 759cc6e4e9140f445b13d21f97c413f4, type: 3}
  m_Name: 
  m_EditorClassIdentifier: 
  path: {fileID: 114007899756654582, guid: c09070073f2d45740915e78e7be31449, type: 2}
  timeToBegin: 12
  timeToEnd: -1
  timeToNextEnemy: 0.5
  totalEnemy: 1
  uid: 0
  listMiniTurn:
  - enemyPrefab: {fileID: 1532612987819876, guid: d3e9ddde55dba894d91c2f69a4fbd472,
      type: 2}
    properties: []
    pointAndAction:
    - listAcitonName:
      - DropItem
      - Pause
      - ChangeSpeed
      type: Dead by player
      x: 0
      actionName: DropItem
    - listAcitonName:
      - DropItem
      - Pause
      - ChangeSpeed
      type: Point = X
      x: 0
      actionName: ChangeSpeed
    newSpeed: 5
    timePauseAction: 4
    newPath: {fileID: 114845254437007288, guid: 63e1e2d166cef3b4f9254bfb1fd9ab92,
      type: 2}
    posStartPathNew: {x: 0, y: 0, z: 0}
    syncAnimation: 0
    enemyStartByNumber: 1
    number: 7
    enemyStartByPosition: 0
    startPosition:
    - {x: 1, y: 0}
    - {x: 5, y: 0}
  changeDurationCamera:
    changeSpeedCamera: 0
    speedBG: 2
    speedDecor: 2.6
    timeChange: 3
--- !u!114 &114881399659737278
MonoBehaviour:
  m_ObjectHideFlags: 1
  m_CorrespondingSourceObject: {fileID: 0}
  m_PrefabInternal: {fileID: 100100000}
  m_GameObject: {fileID: 1345135353782662}
  m_Enabled: 1
  m_EditorHideFlags: 0
  m_Script: {fileID: 11500000, guid: 759cc6e4e9140f445b13d21f97c413f4, type: 3}
  m_Name: 
  m_EditorClassIdentifier: 
  path: {fileID: 114756342956464682, guid: 7d1f9ecbbb303754180953ad2817875b, type: 2}
  timeToBegin: 6
  timeToEnd: -1
  timeToNextEnemy: 0.3
  totalEnemy: 1
  uid: 0
  listMiniTurn:
  - enemyPrefab: {fileID: 1532612987819876, guid: d3e9ddde55dba894d91c2f69a4fbd472,
      type: 2}
    properties: []
    pointAndAction:
    - listAcitonName:
      - DropItem
      - Pause
      - ChangeSpeed
      type: Dead by player
      x: 0
      actionName: DropItem
    - listAcitonName:
      - DropItem
      - Pause
      - ChangeSpeed
      type: Point = X
      x: 1
      actionName: ChangeSpeed
    newSpeed: 3
    timePauseAction: 4
    newPath: {fileID: 114974748681575488, guid: 390974923126d0441a982bae88046491,
      type: 2}
    posStartPathNew: {x: -2.5, y: 3, z: 0}
    syncAnimation: 0
    enemyStartByNumber: 1
    number: 4
    enemyStartByPosition: 0
    startPosition:
    - {x: 0, y: 0}
    - {x: 1, y: -1}
    - {x: 2, y: -2}
    - {x: 1, y: -3}
    - {x: 2, y: -4}
  changeDurationCamera:
    changeSpeedCamera: 0
    speedBG: 2
    speedDecor: 2.6
    timeChange: 3
--- !u!114 &114965492022408718
MonoBehaviour:
  m_ObjectHideFlags: 1
  m_CorrespondingSourceObject: {fileID: 0}
  m_PrefabInternal: {fileID: 100100000}
  m_GameObject: {fileID: 1327486083347252}
  m_Enabled: 1
  m_EditorHideFlags: 0
  m_Script: {fileID: 11500000, guid: 759cc6e4e9140f445b13d21f97c413f4, type: 3}
  m_Name: 
  m_EditorClassIdentifier: 
  path: {fileID: 114413732602659728, guid: e9e9cff0c30ee9c449f9246b3a04786c, type: 2}
  timeToBegin: 0
  timeToEnd: -1
  timeToNextEnemy: 1
  totalEnemy: 1
  uid: 0
  listMiniTurn:
  - enemyPrefab: {fileID: 1066373672532176, guid: 4441eb3323018904a98bb68426fe39db,
      type: 2}
    properties: []
    pointAndAction:
    - listAcitonName:
      - ShootLoop
      - DropItem
      - ChangeSpeed
      - ChangeToPathLoop
      - PauseAndShootLoop
      type: Dead by player
      x: 0
      actionName: DropItem
    - listAcitonName:
      - ShootLoop
      - DropItem
      - ChangeSpeed
      - ChangeToPathLoop
      - PauseAndShootLoop
      type: Point = X
      x: 0
      actionName: ChangeSpeed
    - listAcitonName:
      - ShootLoop
      - DropItem
      - ChangeSpeed
      - ChangeToPathLoop
      - PauseAndShootLoop
      type: After X Millisecond
      x: 1000
      actionName: ShootLoop
    newSpeed: 3
    timePauseAction: 4
    newPath: {fileID: 114974748681575488, guid: 390974923126d0441a982bae88046491,
      type: 2}
    posStartPathNew: {x: -2.5, y: 3, z: 0}
    syncAnimation: 0
    enemyStartByNumber: 0
    number: 3
    enemyStartByPosition: 1
    startPosition:
    - {x: 0, y: 0}
    - {x: -1, y: 1}
    - {x: -2, y: 2}
  changeDurationCamera:
    changeSpeedCamera: 0
    speedBG: 2
    speedDecor: 2.6
    timeChange: 3
--- !u!114 &114985794410100832
MonoBehaviour:
  m_ObjectHideFlags: 1
  m_CorrespondingSourceObject: {fileID: 0}
  m_PrefabInternal: {fileID: 100100000}
  m_GameObject: {fileID: 1498382518968518}
  m_Enabled: 1
  m_EditorHideFlags: 0
  m_Script: {fileID: 11500000, guid: 759cc6e4e9140f445b13d21f97c413f4, type: 3}
  m_Name: 
  m_EditorClassIdentifier: 
  path: {fileID: 114969117227375332, guid: 842f639ec9e9b9c4c89d737e2ae71a85, type: 2}
  timeToBegin: 3
  timeToEnd: 15
  timeToNextEnemy: 0
  totalEnemy: 2
  uid: 0
  listMiniTurn:
  - enemyPrefab: {fileID: 1079947442733048, guid: b61f47e4c441b0642953188b110cbe5e,
      type: 2}
    properties: []
    pointAndAction:
    - listAcitonName:
      - PauseAndShootLoop
      - DropItem
      - ChangeSpeed
      - ChangeToPathLoop
      type: Dead by player
      x: 0
      actionName: DropItem
    - listAcitonName:
      - PauseAndShootLoop
      - DropItem
      - ChangeSpeed
      - ChangeToPathLoop
      type: Point = X
      x: 1
      actionName: ChangeSpeed
    - listAcitonName:
      - PauseAndShootLoop
      - DropItem
      - ChangeSpeed
      - ChangeToPathLoop
      type: After X Millisecond
      x: 5000
      actionName: PauseAndShootLoop
    newSpeed: 1
    timePauseAction: 4
    newPath: {fileID: 114883555105068510, guid: 7e0efecaa310e6a4ba776b688f96e19d,
      type: 2}
    posStartPathNew: {x: 0, y: 4, z: 0}
    syncAnimation: 0
    enemyStartByNumber: 1
    number: 0
    enemyStartByPosition: 0
    startPosition: []
  changeDurationCamera:
    changeSpeedCamera: 0
    speedBG: 2
    speedDecor: 2.6
    timeChange: 3
