%YAML 1.1
%TAG !u! tag:unity3d.com,2011:
--- !u!1001 &100100000
Prefab:
  m_ObjectHideFlags: 1
  serializedVersion: 2
  m_Modification:
    m_TransformParent: {fileID: 0}
    m_Modifications: []
    m_RemovedComponents: []
  m_SourcePrefab: {fileID: 0}
  m_RootGameObject: {fileID: 1905289582710482}
  m_IsPrefabAsset: 1
--- !u!1 &1170217977886884
GameObject:
  m_ObjectHideFlags: 0
  m_CorrespondingSourceObject: {fileID: 0}
  m_PrefabInternal: {fileID: 100100000}
  serializedVersion: 6
  m_Component:
  - component: {fileID: 4736312985449590}
  - component: {fileID: 114518365428990246}
  m_Layer: 0
  m_Name: Nhang 8
  m_TagString: Untagged
  m_Icon: {fileID: 0}
  m_NavMeshLayer: 0
  m_StaticEditorFlags: 0
  m_IsActive: 1
--- !u!1 &1201038639632354
GameObject:
  m_ObjectHideFlags: 0
  m_CorrespondingSourceObject: {fileID: 0}
  m_PrefabInternal: {fileID: 100100000}
  serializedVersion: 6
  m_Component:
  - component: {fileID: 4300941665359130}
  - component: {fileID: 114220663111172796}
  m_Layer: 0
  m_Name: ThienThach (3)
  m_TagString: Untagged
  m_Icon: {fileID: 0}
  m_NavMeshLayer: 0
  m_StaticEditorFlags: 0
  m_IsActive: 1
--- !u!1 &1208352051200526
GameObject:
  m_ObjectHideFlags: 0
  m_CorrespondingSourceObject: {fileID: 0}
  m_PrefabInternal: {fileID: 100100000}
  serializedVersion: 6
  m_Component:
  - component: {fileID: 4479518924150288}
  - component: {fileID: 114174352142616912}
  m_Layer: 0
  m_Name: Muoi
  m_TagString: Untagged
  m_Icon: {fileID: 0}
  m_NavMeshLayer: 0
  m_StaticEditorFlags: 0
  m_IsActive: 1
--- !u!1 &1359958044347584
GameObject:
  m_ObjectHideFlags: 0
  m_CorrespondingSourceObject: {fileID: 0}
  m_PrefabInternal: {fileID: 100100000}
  serializedVersion: 6
  m_Component:
  - component: {fileID: 4748999437238708}
  - component: {fileID: 114376700386908432}
  m_Layer: 0
  m_Name: Nhang 5
  m_TagString: Untagged
  m_Icon: {fileID: 0}
  m_NavMeshLayer: 0
  m_StaticEditorFlags: 0
  m_IsActive: 1
--- !u!1 &1363963738317270
GameObject:
  m_ObjectHideFlags: 0
  m_CorrespondingSourceObject: {fileID: 0}
  m_PrefabInternal: {fileID: 100100000}
  serializedVersion: 6
  m_Component:
  - component: {fileID: 4309178927169254}
  - component: {fileID: 114115304644345006}
  m_Layer: 0
  m_Name: OcXoay
  m_TagString: Untagged
  m_Icon: {fileID: 0}
  m_NavMeshLayer: 0
  m_StaticEditorFlags: 0
  m_IsActive: 1
--- !u!1 &1424449084417284
GameObject:
  m_ObjectHideFlags: 0
  m_CorrespondingSourceObject: {fileID: 0}
  m_PrefabInternal: {fileID: 100100000}
  serializedVersion: 6
  m_Component:
  - component: {fileID: 4780459926346534}
  - component: {fileID: 114639779289597694}
  m_Layer: 0
  m_Name: Nhang
  m_TagString: Untagged
  m_Icon: {fileID: 0}
  m_NavMeshLayer: 0
  m_StaticEditorFlags: 0
  m_IsActive: 1
--- !u!1 &1541847154882364
GameObject:
  m_ObjectHideFlags: 0
  m_CorrespondingSourceObject: {fileID: 0}
  m_PrefabInternal: {fileID: 100100000}
  serializedVersion: 6
  m_Component:
  - component: {fileID: 4304962199363474}
  - component: {fileID: 114867133461172926}
  m_Layer: 0
  m_Name: Nhang 8
  m_TagString: Untagged
  m_Icon: {fileID: 0}
  m_NavMeshLayer: 0
  m_StaticEditorFlags: 0
  m_IsActive: 1
--- !u!1 &1571839148790520
GameObject:
  m_ObjectHideFlags: 0
  m_CorrespondingSourceObject: {fileID: 0}
  m_PrefabInternal: {fileID: 100100000}
  serializedVersion: 6
  m_Component:
  - component: {fileID: 4223884386007628}
  - component: {fileID: 114864752651261280}
  m_Layer: 0
  m_Name: Mui Ten Xanh (1)
  m_TagString: Untagged
  m_Icon: {fileID: 0}
  m_NavMeshLayer: 0
  m_StaticEditorFlags: 0
  m_IsActive: 1
--- !u!1 &1606022495275502
GameObject:
  m_ObjectHideFlags: 0
  m_CorrespondingSourceObject: {fileID: 0}
  m_PrefabInternal: {fileID: 100100000}
  serializedVersion: 6
  m_Component:
  - component: {fileID: 4775786304213676}
  - component: {fileID: 114141097002467610}
  m_Layer: 0
  m_Name: Nhang 5
  m_TagString: Untagged
  m_Icon: {fileID: 0}
  m_NavMeshLayer: 0
  m_StaticEditorFlags: 0
  m_IsActive: 1
--- !u!1 &1676413823702030
GameObject:
  m_ObjectHideFlags: 0
  m_CorrespondingSourceObject: {fileID: 0}
  m_PrefabInternal: {fileID: 100100000}
  serializedVersion: 6
  m_Component:
  - component: {fileID: 4235926579263418}
  - component: {fileID: 114175494563874080}
  m_Layer: 0
  m_Name: ThienThach (2)
  m_TagString: Untagged
  m_Icon: {fileID: 0}
  m_NavMeshLayer: 0
  m_StaticEditorFlags: 0
  m_IsActive: 1
--- !u!1 &1735559222377018
GameObject:
  m_ObjectHideFlags: 0
  m_CorrespondingSourceObject: {fileID: 0}
  m_PrefabInternal: {fileID: 100100000}
  serializedVersion: 6
  m_Component:
  - component: {fileID: 4260374754941554}
  - component: {fileID: 114942089349918870}
  m_Layer: 0
  m_Name: Nhang 5
  m_TagString: Untagged
  m_Icon: {fileID: 0}
  m_NavMeshLayer: 0
  m_StaticEditorFlags: 0
  m_IsActive: 1
--- !u!1 &1780938899845306
GameObject:
  m_ObjectHideFlags: 0
  m_CorrespondingSourceObject: {fileID: 0}
  m_PrefabInternal: {fileID: 100100000}
  serializedVersion: 6
  m_Component:
  - component: {fileID: 4608703578915688}
  - component: {fileID: 114837537854185402}
  m_Layer: 0
  m_Name: Nhang 5
  m_TagString: Untagged
  m_Icon: {fileID: 0}
  m_NavMeshLayer: 0
  m_StaticEditorFlags: 0
  m_IsActive: 1
--- !u!1 &1839037533413906
GameObject:
  m_ObjectHideFlags: 0
  m_CorrespondingSourceObject: {fileID: 0}
  m_PrefabInternal: {fileID: 100100000}
  serializedVersion: 6
  m_Component:
  - component: {fileID: 4190993910929130}
  - component: {fileID: 114846156959448492}
  m_Layer: 0
  m_Name: Nhang
  m_TagString: Untagged
  m_Icon: {fileID: 0}
  m_NavMeshLayer: 0
  m_StaticEditorFlags: 0
  m_IsActive: 1
--- !u!1 &1905289582710482
GameObject:
  m_ObjectHideFlags: 0
  m_CorrespondingSourceObject: {fileID: 0}
  m_PrefabInternal: {fileID: 100100000}
  serializedVersion: 6
  m_Component:
  - component: {fileID: 4296180157554014}
  - component: {fileID: 114782045385545468}
  m_Layer: 0
  m_Name: World Summer Hard 5 c
  m_TagString: Untagged
  m_Icon: {fileID: 0}
  m_NavMeshLayer: 0
  m_StaticEditorFlags: 0
  m_IsActive: 1
--- !u!4 &4190993910929130
Transform:
  m_ObjectHideFlags: 1
  m_CorrespondingSourceObject: {fileID: 0}
  m_PrefabInternal: {fileID: 100100000}
  m_GameObject: {fileID: 1839037533413906}
  m_LocalRotation: {x: -0, y: -0, z: -0, w: 1}
  m_LocalPosition: {x: 6.12, y: 4.7400002, z: 0}
  m_LocalScale: {x: 1, y: 1, z: 1}
  m_Children: []
  m_Father: {fileID: 4296180157554014}
  m_RootOrder: 7
  m_LocalEulerAnglesHint: {x: 0, y: 0, z: 0}
--- !u!4 &4223884386007628
Transform:
  m_ObjectHideFlags: 1
  m_CorrespondingSourceObject: {fileID: 0}
  m_PrefabInternal: {fileID: 100100000}
  m_GameObject: {fileID: 1571839148790520}
  m_LocalRotation: {x: -0, y: -0, z: -0, w: 1}
  m_LocalPosition: {x: 2.06, y: 8.98, z: 0}
  m_LocalScale: {x: 1, y: 1, z: 1}
  m_Children: []
  m_Father: {fileID: 4296180157554014}
  m_RootOrder: 1
  m_LocalEulerAnglesHint: {x: 0, y: 0, z: 0}
--- !u!4 &4235926579263418
Transform:
  m_ObjectHideFlags: 1
  m_CorrespondingSourceObject: {fileID: 0}
  m_PrefabInternal: {fileID: 100100000}
  m_GameObject: {fileID: 1676413823702030}
  m_LocalRotation: {x: -0, y: -0, z: -0, w: 1}
  m_LocalPosition: {x: 0, y: 9.49, z: 0}
  m_LocalScale: {x: 1, y: 1, z: 1}
  m_Children: []
  m_Father: {fileID: 4296180157554014}
  m_RootOrder: 4
  m_LocalEulerAnglesHint: {x: 0, y: 0, z: 0}
--- !u!4 &4260374754941554
Transform:
  m_ObjectHideFlags: 1
  m_CorrespondingSourceObject: {fileID: 0}
  m_PrefabInternal: {fileID: 100100000}
  m_GameObject: {fileID: 1735559222377018}
  m_LocalRotation: {x: -0, y: -0, z: -0, w: 1}
  m_LocalPosition: {x: -6.52, y: 10.45, z: 0}
  m_LocalScale: {x: 1, y: 1, z: 1}
  m_Children: []
  m_Father: {fileID: 4296180157554014}
  m_RootOrder: 12
  m_LocalEulerAnglesHint: {x: 0, y: 0, z: 0}
--- !u!4 &4296180157554014
Transform:
  m_ObjectHideFlags: 1
  m_CorrespondingSourceObject: {fileID: 0}
  m_PrefabInternal: {fileID: 100100000}
  m_GameObject: {fileID: 1905289582710482}
  m_LocalRotation: {x: -0, y: -0, z: -0, w: 1}
  m_LocalPosition: {x: 0, y: 0, z: 0}
  m_LocalScale: {x: 1, y: 1, z: 1}
  m_Children:
  - {fileID: 4479518924150288}
  - {fileID: 4223884386007628}
  - {fileID: 4309178927169254}
  - {fileID: 4780459926346534}
  - {fileID: 4235926579263418}
  - {fileID: 4300941665359130}
  - {fileID: 4736312985449590}
  - {fileID: 4190993910929130}
  - {fileID: 4304962199363474}
  - {fileID: 4608703578915688}
  - {fileID: 4775786304213676}
  - {fileID: 4748999437238708}
  - {fileID: 4260374754941554}
  m_Father: {fileID: 0}
  m_RootOrder: 0
  m_LocalEulerAnglesHint: {x: 0, y: 0, z: 0}
--- !u!4 &4300941665359130
Transform:
  m_ObjectHideFlags: 1
  m_CorrespondingSourceObject: {fileID: 0}
  m_PrefabInternal: {fileID: 100100000}
  m_GameObject: {fileID: 1201038639632354}
  m_LocalRotation: {x: -0, y: -0, z: -0, w: 1}
  m_LocalPosition: {x: 0, y: 9.49, z: 0}
  m_LocalScale: {x: 1, y: 1, z: 1}
  m_Children: []
  m_Father: {fileID: 4296180157554014}
  m_RootOrder: 5
  m_LocalEulerAnglesHint: {x: 0, y: 0, z: 0}
--- !u!4 &4304962199363474
Transform:
  m_ObjectHideFlags: 1
  m_CorrespondingSourceObject: {fileID: 0}
  m_PrefabInternal: {fileID: 100100000}
  m_GameObject: {fileID: 1541847154882364}
  m_LocalRotation: {x: -0, y: -0, z: -0, w: 1}
  m_LocalPosition: {x: -0.49, y: 9.29, z: 0}
  m_LocalScale: {x: 1, y: 1, z: 1}
  m_Children: []
  m_Father: {fileID: 4296180157554014}
  m_RootOrder: 8
  m_LocalEulerAnglesHint: {x: 0, y: 0, z: 0}
--- !u!4 &4309178927169254
Transform:
  m_ObjectHideFlags: 1
  m_CorrespondingSourceObject: {fileID: 0}
  m_PrefabInternal: {fileID: 100100000}
  m_GameObject: {fileID: 1363963738317270}
  m_LocalRotation: {x: -0, y: -0, z: -0, w: 1}
  m_LocalPosition: {x: -2.78, y: 9.07, z: 0}
  m_LocalScale: {x: 1, y: 1, z: 1}
  m_Children: []
  m_Father: {fileID: 4296180157554014}
  m_RootOrder: 2
  m_LocalEulerAnglesHint: {x: 0, y: 0, z: 0}
--- !u!4 &4479518924150288
Transform:
  m_ObjectHideFlags: 1
  m_CorrespondingSourceObject: {fileID: 0}
  m_PrefabInternal: {fileID: 100100000}
  m_GameObject: {fileID: 1208352051200526}
  m_LocalRotation: {x: -0, y: -0, z: -0, w: 1}
  m_LocalPosition: {x: 0.58, y: 9, z: 0}
  m_LocalScale: {x: 1, y: 1, z: 1}
  m_Children: []
  m_Father: {fileID: 4296180157554014}
  m_RootOrder: 0
  m_LocalEulerAnglesHint: {x: 0, y: 0, z: 0}
--- !u!4 &4608703578915688
Transform:
  m_ObjectHideFlags: 1
  m_CorrespondingSourceObject: {fileID: 0}
  m_PrefabInternal: {fileID: 100100000}
  m_GameObject: {fileID: 1780938899845306}
  m_LocalRotation: {x: -0, y: -0, z: -0, w: 1}
  m_LocalPosition: {x: -1.81, y: 10.45, z: 0}
  m_LocalScale: {x: 1, y: 1, z: 1}
  m_Children: []
  m_Father: {fileID: 4296180157554014}
  m_RootOrder: 9
  m_LocalEulerAnglesHint: {x: 0, y: 0, z: 0}
--- !u!4 &4736312985449590
Transform:
  m_ObjectHideFlags: 1
  m_CorrespondingSourceObject: {fileID: 0}
  m_PrefabInternal: {fileID: 100100000}
  m_GameObject: {fileID: 1170217977886884}
  m_LocalRotation: {x: -0, y: -0, z: -0, w: 1}
  m_LocalPosition: {x: 0.73, y: 8.93, z: 0}
  m_LocalScale: {x: 1, y: 1, z: 1}
  m_Children: []
  m_Father: {fileID: 4296180157554014}
  m_RootOrder: 6
  m_LocalEulerAnglesHint: {x: 0, y: 0, z: 0}
--- !u!4 &4748999437238708
Transform:
  m_ObjectHideFlags: 1
  m_CorrespondingSourceObject: {fileID: 0}
  m_PrefabInternal: {fileID: 100100000}
  m_GameObject: {fileID: 1359958044347584}
  m_LocalRotation: {x: -0, y: -0, z: -0, w: 1}
  m_LocalPosition: {x: 1.71, y: 10.45, z: 0}
  m_LocalScale: {x: 1, y: 1, z: 1}
  m_Children: []
  m_Father: {fileID: 4296180157554014}
  m_RootOrder: 11
  m_LocalEulerAnglesHint: {x: 0, y: 0, z: 0}
--- !u!4 &4775786304213676
Transform:
  m_ObjectHideFlags: 1
  m_CorrespondingSourceObject: {fileID: 0}
  m_PrefabInternal: {fileID: 100100000}
  m_GameObject: {fileID: 1606022495275502}
  m_LocalRotation: {x: -0, y: -0, z: -0, w: 1}
  m_LocalPosition: {x: 6.56, y: 10.45, z: 0}
  m_LocalScale: {x: 1, y: 1, z: 1}
  m_Children: []
  m_Father: {fileID: 4296180157554014}
  m_RootOrder: 10
  m_LocalEulerAnglesHint: {x: 0, y: 0, z: 0}
--- !u!4 &4780459926346534
Transform:
  m_ObjectHideFlags: 1
  m_CorrespondingSourceObject: {fileID: 0}
  m_PrefabInternal: {fileID: 100100000}
  m_GameObject: {fileID: 1424449084417284}
  m_LocalRotation: {x: -0, y: -0, z: -0, w: 1}
  m_LocalPosition: {x: 7.4900002, y: 5.75, z: 0}
  m_LocalScale: {x: 1, y: 1, z: 1}
  m_Children: []
  m_Father: {fileID: 4296180157554014}
  m_RootOrder: 3
  m_LocalEulerAnglesHint: {x: 0, y: 0, z: 0}
--- !u!114 &114115304644345006
MonoBehaviour:
  m_ObjectHideFlags: 1
  m_CorrespondingSourceObject: {fileID: 0}
  m_PrefabInternal: {fileID: 100100000}
  m_GameObject: {fileID: 1363963738317270}
  m_Enabled: 1
  m_EditorHideFlags: 0
  m_Script: {fileID: 11500000, guid: 759cc6e4e9140f445b13d21f97c413f4, type: 3}
  m_Name: 
  m_EditorClassIdentifier: 
  path: {fileID: 114751707594626834, guid: a39186097b18e8f4a8a2d46779f87b40, type: 2}
  timeToBegin: 3
  timeToEnd: -1
  timeToNextEnemy: 0
  totalEnemy: 2
  uid: 0
  listMiniTurn:
  - enemyPrefab: {fileID: 1482112425984202, guid: 07362b6290af333459920e148c7a7105,
      type: 2}
    properties: []
    pointAndAction:
    - listAcitonName:
      - PauseAndShootLoop
      - DropItem
      - ChangeSpeed
      - ChangeToPathLoop
      type: Dead by player
      x: 0
      actionName: DropItem
    - listAcitonName:
      - PauseAndShootLoop
      - DropItem
      - ChangeSpeed
      - ChangeToPathLoop
      type: Point = X
      x: 1
      actionName: ChangeSpeed
    - listAcitonName:
      - PauseAndShootLoop
      - DropItem
      - ChangeSpeed
      - ChangeToPathLoop
      type: After X Millisecond
      x: 3000
      actionName: PauseAndShootLoop
    newSpeed: 3
    timePauseAction: 4
    newPath: {fileID: 114883555105068510, guid: 7e0efecaa310e6a4ba776b688f96e19d,
      type: 2}
    posStartPathNew: {x: 0, y: 4, z: 0}
    syncAnimation: 0
    enemyStartByNumber: 1
    number: 0
    enemyStartByPosition: 0
    startPosition: []
  changeDurationCamera:
    changeSpeedCamera: 0
    speedBG: 2
    speedDecor: 2.6
    timeChange: 3
--- !u!114 &114141097002467610
MonoBehaviour:
  m_ObjectHideFlags: 1
  m_CorrespondingSourceObject: {fileID: 0}
  m_PrefabInternal: {fileID: 100100000}
  m_GameObject: {fileID: 1606022495275502}
  m_Enabled: 1
  m_EditorHideFlags: 0
  m_Script: {fileID: 11500000, guid: 759cc6e4e9140f445b13d21f97c413f4, type: 3}
  m_Name: 
  m_EditorClassIdentifier: 
  path: {fileID: 114413732602659728, guid: e9e9cff0c30ee9c449f9246b3a04786c, type: 2}
  timeToBegin: 8
  timeToEnd: -1
  timeToNextEnemy: 0.5
  totalEnemy: 1
  uid: 0
  listMiniTurn:
  - enemyPrefab: {fileID: 1532612987819876, guid: d3e9ddde55dba894d91c2f69a4fbd472,
      type: 2}
    properties: []
    pointAndAction:
    - listAcitonName:
      - DropItem
      - Pause
      - ChangeSpeed
      type: Dead by player
      x: 0
      actionName: DropItem
    - listAcitonName:
      - DropItem
      - Pause
      - ChangeSpeed
      type: Point = X
      x: 0
      actionName: ChangeSpeed
    newSpeed: 5
    timePauseAction: 4
    newPath: {fileID: 114845254437007288, guid: 63e1e2d166cef3b4f9254bfb1fd9ab92,
      type: 2}
    posStartPathNew: {x: 0, y: 0, z: 0}
    syncAnimation: 0
    enemyStartByNumber: 1
    number: 7
    enemyStartByPosition: 0
    startPosition:
    - {x: 4, y: 0}
    - {x: 3, y: 0}
    - {x: 2, y: 0}
    - {x: 1, y: 0}
    - {x: 0, y: 0}
  changeDurationCamera:
    changeSpeedCamera: 0
    speedBG: 2
    speedDecor: 2.6
    timeChange: 3
--- !u!114 &114174352142616912
MonoBehaviour:
  m_ObjectHideFlags: 1
  m_CorrespondingSourceObject: {fileID: 0}
  m_PrefabInternal: {fileID: 100100000}
  m_GameObject: {fileID: 1208352051200526}
  m_Enabled: 1
  m_EditorHideFlags: 0
  m_Script: {fileID: 11500000, guid: 759cc6e4e9140f445b13d21f97c413f4, type: 3}
  m_Name: 
  m_EditorClassIdentifier: 
  path: {fileID: 114844633562207282, guid: 6d06e4c04d80db94ebefecbfdf540102, type: 2}
  timeToBegin: 0
  timeToEnd: -1
  timeToNextEnemy: 1
  totalEnemy: 1
  uid: 0
  listMiniTurn:
  - enemyPrefab: {fileID: 1066373672532176, guid: 4441eb3323018904a98bb68426fe39db,
      type: 2}
    properties: []
    pointAndAction:
    - listAcitonName:
      - ShootLoop
      - DropItem
      - ChangeSpeed
      - ChangeToPathLoop
      - PauseAndShootLoop
      type: Dead by player
      x: 0
      actionName: DropItem
    - listAcitonName:
      - ShootLoop
      - DropItem
      - ChangeSpeed
      - ChangeToPathLoop
      - PauseAndShootLoop
      type: Point = X
      x: 0
      actionName: ChangeSpeed
    - listAcitonName:
      - ShootLoop
      - DropItem
      - ChangeSpeed
      - ChangeToPathLoop
      - PauseAndShootLoop
      type: After X Millisecond
      x: 1000
      actionName: ShootLoop
    newSpeed: 3
    timePauseAction: 1
    newPath: {fileID: 114974748681575488, guid: 390974923126d0441a982bae88046491,
      type: 2}
    posStartPathNew: {x: -2.5, y: 3, z: 0}
    syncAnimation: 0
    enemyStartByNumber: 1
    number: 6
    enemyStartByPosition: 0
    startPosition:
    - {x: 0, y: 0}
    - {x: -1, y: 1}
    - {x: -2, y: 2}
  changeDurationCamera:
    changeSpeedCamera: 0
    speedBG: 2
    speedDecor: 2.6
    timeChange: 3
--- !u!114 &114175494563874080
MonoBehaviour:
  m_ObjectHideFlags: 1
  m_CorrespondingSourceObject: {fileID: 0}
  m_PrefabInternal: {fileID: 100100000}
  m_GameObject: {fileID: 1676413823702030}
  m_Enabled: 1
  m_EditorHideFlags: 0
  m_Script: {fileID: 11500000, guid: 759cc6e4e9140f445b13d21f97c413f4, type: 3}
  m_Name: 
  m_EditorClassIdentifier: 
  path: {fileID: 114969117227375332, guid: 842f639ec9e9b9c4c89d737e2ae71a85, type: 2}
  timeToBegin: 6
  timeToEnd: -1
  timeToNextEnemy: 0
  totalEnemy: 1
  uid: 0
  listMiniTurn:
  - enemyPrefab: {fileID: 1927427430426082, guid: 0e7b3d9ae78ae37488a5b09d27e8aa7b,
      type: 2}
    properties: []
    pointAndAction:
    - listAcitonName:
      - WarningHazzard
      type: Started
      x: 0
      actionName: WarningHazzard
    newSpeed: 3
    timePauseAction: 0.5
    newPath: {fileID: 114845254437007288, guid: 8d0c7e303e5c52b4dacb647867ca4129,
      type: 2}
    posStartPathNew: {x: 0, y: 3, z: 0}
    syncAnimation: 0
    enemyStartByNumber: 0
    number: 6
    enemyStartByPosition: 1
    startPosition:
    - {x: 2, y: 0}
    - {x: -2, y: 0}
  changeDurationCamera:
    changeSpeedCamera: 0
    speedBG: 2
    speedDecor: 2.6
    timeChange: 3
--- !u!114 &114220663111172796
MonoBehaviour:
  m_ObjectHideFlags: 1
  m_CorrespondingSourceObject: {fileID: 0}
  m_PrefabInternal: {fileID: 100100000}
  m_GameObject: {fileID: 1201038639632354}
  m_Enabled: 1
  m_EditorHideFlags: 0
  m_Script: {fileID: 11500000, guid: 759cc6e4e9140f445b13d21f97c413f4, type: 3}
  m_Name: 
  m_EditorClassIdentifier: 
  path: {fileID: 114969117227375332, guid: 842f639ec9e9b9c4c89d737e2ae71a85, type: 2}
  timeToBegin: 8
  timeToEnd: -1
  timeToNextEnemy: 0
  totalEnemy: 1
  uid: 0
  listMiniTurn:
  - enemyPrefab: {fileID: 1927427430426082, guid: 0e7b3d9ae78ae37488a5b09d27e8aa7b,
      type: 2}
    properties: []
    pointAndAction:
    - listAcitonName:
      - WarningHazzard
      type: Started
      x: 0
      actionName: WarningHazzard
    newSpeed: 3
    timePauseAction: 0.5
    newPath: {fileID: 114845254437007288, guid: 8d0c7e303e5c52b4dacb647867ca4129,
      type: 2}
    posStartPathNew: {x: 0, y: 3, z: 0}
    syncAnimation: 0
    enemyStartByNumber: 0
    number: 6
    enemyStartByPosition: 1
    startPosition:
    - {x: 0, y: 0}
  changeDurationCamera:
    changeSpeedCamera: 0
    speedBG: 2
    speedDecor: 2.6
    timeChange: 3
--- !u!114 &114376700386908432
MonoBehaviour:
  m_ObjectHideFlags: 1
  m_CorrespondingSourceObject: {fileID: 0}
  m_PrefabInternal: {fileID: 100100000}
  m_GameObject: {fileID: 1359958044347584}
  m_Enabled: 1
  m_EditorHideFlags: 0
  m_Script: {fileID: 11500000, guid: 759cc6e4e9140f445b13d21f97c413f4, type: 3}
  m_Name: 
  m_EditorClassIdentifier: 
  path: {fileID: 114913077314225488, guid: 72869e65a1f090244bf23affb63c8c11, type: 2}
  timeToBegin: 9
  timeToEnd: -1
  timeToNextEnemy: 0.5
  totalEnemy: 1
  uid: 0
  listMiniTurn:
  - enemyPrefab: {fileID: 1532612987819876, guid: d3e9ddde55dba894d91c2f69a4fbd472,
      type: 2}
    properties: []
    pointAndAction:
    - listAcitonName:
      - DropItem
      - Pause
      - ChangeSpeed
      type: Dead by player
      x: 0
      actionName: DropItem
    - listAcitonName:
      - DropItem
      - Pause
      - ChangeSpeed
      type: Point = X
      x: 0
      actionName: ChangeSpeed
    newSpeed: 5
    timePauseAction: 4
    newPath: {fileID: 114845254437007288, guid: 63e1e2d166cef3b4f9254bfb1fd9ab92,
      type: 2}
    posStartPathNew: {x: 0, y: 0, z: 0}
    syncAnimation: 0
    enemyStartByNumber: 1
    number: 7
    enemyStartByPosition: 0
    startPosition:
    - {x: 4, y: 0}
    - {x: 3, y: 0}
    - {x: 2, y: 0}
    - {x: 1, y: 0}
    - {x: 0, y: 0}
  changeDurationCamera:
    changeSpeedCamera: 0
    speedBG: 2
    speedDecor: 2.6
    timeChange: 3
--- !u!114 &114518365428990246
MonoBehaviour:
  m_ObjectHideFlags: 1
  m_CorrespondingSourceObject: {fileID: 0}
  m_PrefabInternal: {fileID: 100100000}
  m_GameObject: {fileID: 1170217977886884}
  m_Enabled: 1
  m_EditorHideFlags: 0
  m_Script: {fileID: 11500000, guid: 759cc6e4e9140f445b13d21f97c413f4, type: 3}
  m_Name: 
  m_EditorClassIdentifier: 
  path: {fileID: 114913077314225488, guid: 3d48a1478779dc34d959c3f0d9ec142d, type: 2}
  timeToBegin: 5
  timeToEnd: -1
  timeToNextEnemy: 0.3
  totalEnemy: 1
  uid: 0
  listMiniTurn:
  - enemyPrefab: {fileID: 1532612987819876, guid: d3e9ddde55dba894d91c2f69a4fbd472,
      type: 2}
    properties: []
    pointAndAction:
    - listAcitonName:
      - DropItem
      - Pause
      - ChangeSpeed
      type: Dead by player
      x: 0
      actionName: DropItem
    - listAcitonName:
      - DropItem
      - Pause
      - ChangeSpeed
      type: Point = X
      x: 0
      actionName: ChangeSpeed
    newSpeed: 3.5
    timePauseAction: 4
    newPath: {fileID: 114845254437007288, guid: 63e1e2d166cef3b4f9254bfb1fd9ab92,
      type: 2}
    posStartPathNew: {x: 0, y: 0, z: 0}
    syncAnimation: 0
    enemyStartByNumber: 1
    number: 8
    enemyStartByPosition: 0
    startPosition:
    - {x: 0, y: 0}
    - {x: -1, y: 1}
    - {x: 1, y: 1}
    - {x: -2, y: 2}
    - {x: 2, y: 2}
    - {x: 3, y: 3}
    - {x: -3, y: 3}
  changeDurationCamera:
    changeSpeedCamera: 0
    speedBG: 2
    speedDecor: 2.6
    timeChange: 3
--- !u!114 &114639779289597694
MonoBehaviour:
  m_ObjectHideFlags: 1
  m_CorrespondingSourceObject: {fileID: 0}
  m_PrefabInternal: {fileID: 100100000}
  m_GameObject: {fileID: 1424449084417284}
  m_Enabled: 1
  m_EditorHideFlags: 0
  m_Script: {fileID: 11500000, guid: 759cc6e4e9140f445b13d21f97c413f4, type: 3}
  m_Name: 
  m_EditorClassIdentifier: 
  path: {fileID: 114756342956464682, guid: 53c569f072df9ea4c88a1feca0f80262, type: 2}
  timeToBegin: 3
  timeToEnd: -1
  timeToNextEnemy: 0.3
  totalEnemy: 1
  uid: 0
  listMiniTurn:
  - enemyPrefab: {fileID: 1532612987819876, guid: d3e9ddde55dba894d91c2f69a4fbd472,
      type: 2}
    properties: []
    pointAndAction:
    - listAcitonName:
      - ShootLoop
      - DropItem
      - ChangeSpeed
      - ChangeToPathLoop
      - PauseAndShootLoop
      type: Dead by player
      x: 0
      actionName: DropItem
    - listAcitonName:
      - ShootLoop
      - DropItem
      - ChangeSpeed
      - ChangeToPathLoop
      - PauseAndShootLoop
      type: Point = X
      x: 0
      actionName: ChangeSpeed
    newSpeed: 5
    timePauseAction: 4
    newPath: {fileID: 114974748681575488, guid: 390974923126d0441a982bae88046491,
      type: 2}
    posStartPathNew: {x: -2.5, y: 3, z: 0}
    syncAnimation: 0
    enemyStartByNumber: 1
    number: 7
    enemyStartByPosition: 0
    startPosition:
    - {x: 0, y: 0}
    - {x: 1, y: -1}
    - {x: 2, y: -2}
    - {x: 1, y: -3}
    - {x: 2, y: -4}
  changeDurationCamera:
    changeSpeedCamera: 0
    speedBG: 2
    speedDecor: 2.6
    timeChange: 3
--- !u!114 &114782045385545468
MonoBehaviour:
  m_ObjectHideFlags: 1
  m_CorrespondingSourceObject: {fileID: 0}
  m_PrefabInternal: {fileID: 100100000}
  m_GameObject: {fileID: 1905289582710482}
  m_Enabled: 1
  m_EditorHideFlags: 0
  m_Script: {fileID: 11500000, guid: fc7a5de42f2567642b9024df07f4b5dd, type: 3}
  m_Name: 
  m_EditorClassIdentifier: 
  StartTurnAsync: 0
  uid: 0
  mTM: []
--- !u!114 &114837537854185402
MonoBehaviour:
  m_ObjectHideFlags: 1
  m_CorrespondingSourceObject: {fileID: 0}
  m_PrefabInternal: {fileID: 100100000}
  m_GameObject: {fileID: 1780938899845306}
  m_Enabled: 1
  m_EditorHideFlags: 0
  m_Script: {fileID: 11500000, guid: 759cc6e4e9140f445b13d21f97c413f4, type: 3}
  m_Name: 
  m_EditorClassIdentifier: 
  path: {fileID: 114913077314225488, guid: 3d48a1478779dc34d959c3f0d9ec142d, type: 2}
  timeToBegin: 10
  timeToEnd: -1
  timeToNextEnemy: 0.5
  totalEnemy: 1
  uid: 0
  listMiniTurn:
  - enemyPrefab: {fileID: 1532612987819876, guid: d3e9ddde55dba894d91c2f69a4fbd472,
      type: 2}
    properties: []
    pointAndAction:
    - listAcitonName:
      - DropItem
      - Pause
      - ChangeSpeed
      type: Dead by player
      x: 0
      actionName: DropItem
    - listAcitonName:
      - DropItem
      - Pause
      - ChangeSpeed
      type: Point = X
      x: 0
      actionName: ChangeSpeed
    newSpeed: 5
    timePauseAction: 4
    newPath: {fileID: 114845254437007288, guid: 63e1e2d166cef3b4f9254bfb1fd9ab92,
      type: 2}
    posStartPathNew: {x: 0, y: 0, z: 0}
    syncAnimation: 0
    enemyStartByNumber: 1
    number: 7
    enemyStartByPosition: 0
    startPosition:
    - {x: 4, y: 0}
    - {x: 3, y: 0}
    - {x: 2, y: 0}
    - {x: 1, y: 0}
    - {x: 0, y: 0}
  changeDurationCamera:
    changeSpeedCamera: 0
    speedBG: 2
    speedDecor: 2.6
    timeChange: 3
--- !u!114 &114846156959448492
MonoBehaviour:
  m_ObjectHideFlags: 1
  m_CorrespondingSourceObject: {fileID: 0}
  m_PrefabInternal: {fileID: 100100000}
  m_GameObject: {fileID: 1839037533413906}
  m_Enabled: 1
  m_EditorHideFlags: 0
  m_Script: {fileID: 11500000, guid: 759cc6e4e9140f445b13d21f97c413f4, type: 3}
  m_Name: 
  m_EditorClassIdentifier: 
  path: {fileID: 114756342956464682, guid: 53c569f072df9ea4c88a1feca0f80262, type: 2}
  timeToBegin: 4
  timeToEnd: -1
  timeToNextEnemy: 0.3
  totalEnemy: 1
  uid: 0
  listMiniTurn:
  - enemyPrefab: {fileID: 1532612987819876, guid: d3e9ddde55dba894d91c2f69a4fbd472,
      type: 2}
    properties: []
    pointAndAction:
    - listAcitonName:
      - ShootLoop
      - DropItem
      - ChangeSpeed
      - ChangeToPathLoop
      - PauseAndShootLoop
      type: Dead by player
      x: 0
      actionName: DropItem
    - listAcitonName:
      - ShootLoop
      - DropItem
      - ChangeSpeed
      - ChangeToPathLoop
      - PauseAndShootLoop
      type: Point = X
      x: 0
      actionName: ChangeSpeed
    newSpeed: 5
    timePauseAction: 4
    newPath: {fileID: 114974748681575488, guid: 390974923126d0441a982bae88046491,
      type: 2}
    posStartPathNew: {x: -2.5, y: 3, z: 0}
    syncAnimation: 0
    enemyStartByNumber: 1
    number: 8
    enemyStartByPosition: 0
    startPosition:
    - {x: 0, y: 0}
    - {x: 1, y: -1}
    - {x: 2, y: -2}
    - {x: 1, y: -3}
    - {x: 2, y: -4}
  changeDurationCamera:
    changeSpeedCamera: 0
    speedBG: 2
    speedDecor: 2.6
    timeChange: 3
--- !u!114 &114864752651261280
MonoBehaviour:
  m_ObjectHideFlags: 1
  m_CorrespondingSourceObject: {fileID: 0}
  m_PrefabInternal: {fileID: 100100000}
  m_GameObject: {fileID: 1571839148790520}
  m_Enabled: 1
  m_EditorHideFlags: 0
  m_Script: {fileID: 11500000, guid: 759cc6e4e9140f445b13d21f97c413f4, type: 3}
  m_Name: 
  m_EditorClassIdentifier: 
  path: {fileID: 114934967805681938, guid: e4746670c56a5a64d9c0e6357bc46d16, type: 2}
  timeToBegin: 0
  timeToEnd: -1
  timeToNextEnemy: 0
  totalEnemy: 2
  uid: 0
  listMiniTurn:
  - enemyPrefab: {fileID: 1465748204405224, guid: 5bda467716f549240bae9c415f751814,
      type: 2}
    properties: []
    pointAndAction:
    - listAcitonName:
      - PauseAndShootLoop
      - DropItem
      - ChangeSpeed
      - ChangeToPathLoop
      type: Dead by player
      x: 0
      actionName: DropItem
    - listAcitonName:
      - PauseAndShootLoop
      - DropItem
      - ChangeSpeed
      - ChangeToPathLoop
      type: Point = X
      x: 1
      actionName: ChangeSpeed
    - listAcitonName:
      - PauseAndShootLoop
      - DropItem
      - ChangeSpeed
      - ChangeToPathLoop
      type: After X Millisecond
      x: 2000
      actionName: PauseAndShootLoop
    newSpeed: 2
    timePauseAction: 4
    newPath: {fileID: 114385620899129590, guid: 60cc93f44746ee840b6913daf7c225f7,
      type: 2}
    posStartPathNew: {x: 3, y: 4, z: 0}
    syncAnimation: 0
    enemyStartByNumber: 1
    number: 0
    enemyStartByPosition: 0
    startPosition: []
  changeDurationCamera:
    changeSpeedCamera: 0
    speedBG: 2
    speedDecor: 2.6
    timeChange: 3
--- !u!114 &114867133461172926
MonoBehaviour:
  m_ObjectHideFlags: 1
  m_CorrespondingSourceObject: {fileID: 0}
  m_PrefabInternal: {fileID: 100100000}
  m_GameObject: {fileID: 1541847154882364}
  m_Enabled: 1
  m_EditorHideFlags: 0
  m_Script: {fileID: 11500000, guid: 759cc6e4e9140f445b13d21f97c413f4, type: 3}
  m_Name: 
  m_EditorClassIdentifier: 
  path: {fileID: 114913077314225488, guid: 72869e65a1f090244bf23affb63c8c11, type: 2}
  timeToBegin: 6
  timeToEnd: -1
  timeToNextEnemy: 0.3
  totalEnemy: 1
  uid: 0
  listMiniTurn:
  - enemyPrefab: {fileID: 1532612987819876, guid: d3e9ddde55dba894d91c2f69a4fbd472,
      type: 2}
    properties: []
    pointAndAction:
    - listAcitonName:
      - DropItem
      - Pause
      - ChangeSpeed
      type: Dead by player
      x: 0
      actionName: DropItem
    - listAcitonName:
      - DropItem
      - Pause
      - ChangeSpeed
      type: Point = X
      x: 0
      actionName: ChangeSpeed
    newSpeed: 4
    timePauseAction: 4
    newPath: {fileID: 114845254437007288, guid: 63e1e2d166cef3b4f9254bfb1fd9ab92,
      type: 2}
    posStartPathNew: {x: 0, y: 0, z: 0}
    syncAnimation: 0
    enemyStartByNumber: 1
    number: 8
    enemyStartByPosition: 0
    startPosition:
    - {x: 0, y: 0}
    - {x: -1, y: 1}
    - {x: 1, y: 1}
    - {x: -2, y: 2}
    - {x: 2, y: 2}
    - {x: 3, y: 3}
    - {x: -3, y: 3}
  changeDurationCamera:
    changeSpeedCamera: 0
    speedBG: 2
    speedDecor: 2.6
    timeChange: 3
--- !u!114 &114942089349918870
MonoBehaviour:
  m_ObjectHideFlags: 1
  m_CorrespondingSourceObject: {fileID: 0}
  m_PrefabInternal: {fileID: 100100000}
  m_GameObject: {fileID: 1735559222377018}
  m_Enabled: 1
  m_EditorHideFlags: 0
  m_Script: {fileID: 11500000, guid: 759cc6e4e9140f445b13d21f97c413f4, type: 3}
  m_Name: 
  m_EditorClassIdentifier: 
  path: {fileID: 114413732602659728, guid: 4a3e7b93f301af446aebbc0083f990fc, type: 2}
  timeToBegin: 7
  timeToEnd: -1
  timeToNextEnemy: 0.5
  totalEnemy: 1
  uid: 0
  listMiniTurn:
  - enemyPrefab: {fileID: 1532612987819876, guid: d3e9ddde55dba894d91c2f69a4fbd472,
      type: 2}
    properties: []
    pointAndAction:
    - listAcitonName:
      - DropItem
      - Pause
      - ChangeSpeed
      type: Dead by player
      x: 0
      actionName: DropItem
    - listAcitonName:
      - DropItem
      - Pause
      - ChangeSpeed
      type: Point = X
      x: 0
      actionName: ChangeSpeed
    newSpeed: 5
    timePauseAction: 4
    newPath: {fileID: 114845254437007288, guid: 63e1e2d166cef3b4f9254bfb1fd9ab92,
      type: 2}
    posStartPathNew: {x: 0, y: 0, z: 0}
    syncAnimation: 0
    enemyStartByNumber: 1
    number: 7
    enemyStartByPosition: 0
    startPosition:
    - {x: 4, y: 0}
    - {x: 3, y: 0}
    - {x: 2, y: 0}
    - {x: 1, y: 0}
    - {x: 0, y: 0}
  changeDurationCamera:
    changeSpeedCamera: 0
    speedBG: 2
    speedDecor: 2.6
    timeChange: 3
