%YAML 1.1
%TAG !u! tag:unity3d.com,2011:
--- !u!1001 &100100000
Prefab:
  m_ObjectHideFlags: 1
  serializedVersion: 2
  m_Modification:
    m_TransformParent: {fileID: 0}
    m_Modifications: []
    m_RemovedComponents: []
  m_SourcePrefab: {fileID: 0}
  m_RootGameObject: {fileID: 1910970333116606}
  m_IsPrefabAsset: 1
--- !u!1 &1001207089243274
GameObject:
  m_ObjectHideFlags: 0
  m_CorrespondingSourceObject: {fileID: 0}
  m_PrefabInternal: {fileID: 100100000}
  serializedVersion: 6
  m_Component:
  - component: {fileID: 4575773322342336}
  - component: {fileID: 114877017718871134}
  - component: {fileID: 212486071148153710}
  - component: {fileID: 95833518806031916}
  m_Layer: 8
  m_Name: Avatar BTN
  m_TagString: Untagged
  m_Icon: {fileID: 0}
  m_NavMeshLayer: 0
  m_StaticEditorFlags: 0
  m_IsActive: 1
--- !u!1 &1065573058285748
GameObject:
  m_ObjectHideFlags: 1
  m_CorrespondingSourceObject: {fileID: 0}
  m_PrefabInternal: {fileID: 100100000}
  serializedVersion: 6
  m_Component:
  - component: {fileID: 4757485057267266}
  - component: {fileID: 114375373134844562}
  m_Layer: 11
  m_Name: bulletMissile
  m_TagString: Untagged
  m_Icon: {fileID: 0}
  m_NavMeshLayer: 0
  m_StaticEditorFlags: 0
  m_IsActive: 1
--- !u!1 &1081739300428666
GameObject:
  m_ObjectHideFlags: 1
  m_CorrespondingSourceObject: {fileID: 0}
  m_PrefabInternal: {fileID: 100100000}
  serializedVersion: 6
  m_Component:
  - component: {fileID: 4155294747048884}
  - component: {fileID: 114532298977111852}
  m_Layer: 11
  m_Name: Missile1
  m_TagString: Untagged
  m_Icon: {fileID: 0}
  m_NavMeshLayer: 0
  m_StaticEditorFlags: 0
  m_IsActive: 1
--- !u!1 &1087700262161736
GameObject:
  m_ObjectHideFlags: 1
  m_CorrespondingSourceObject: {fileID: 0}
  m_PrefabInternal: {fileID: 100100000}
  serializedVersion: 6
  m_Component:
  - component: {fileID: 4787032018184726}
  - component: {fileID: 212813017855687114}
  m_Layer: 8
  m_Name: sBarBG
  m_TagString: Untagged
  m_Icon: {fileID: 0}
  m_NavMeshLayer: 0
  m_StaticEditorFlags: 0
  m_IsActive: 1
--- !u!1 &1127843175648360
GameObject:
  m_ObjectHideFlags: 1
  m_CorrespondingSourceObject: {fileID: 0}
  m_PrefabInternal: {fileID: 100100000}
  serializedVersion: 6
  m_Component:
  - component: {fileID: 4129607735411104}
  - component: {fileID: 114780346023410674}
  m_Layer: 11
  m_Name: bulletMissile2
  m_TagString: Untagged
  m_Icon: {fileID: 0}
  m_NavMeshLayer: 0
  m_StaticEditorFlags: 0
  m_IsActive: 1
--- !u!1 &1272159483083200
GameObject:
  m_ObjectHideFlags: 1
  m_CorrespondingSourceObject: {fileID: 0}
  m_PrefabInternal: {fileID: 100100000}
  serializedVersion: 6
  m_Component:
  - component: {fileID: 4056075161739008}
  - component: {fileID: 114163272844446056}
  m_Layer: 11
  m_Name: Missile2
  m_TagString: Untagged
  m_Icon: {fileID: 0}
  m_NavMeshLayer: 0
  m_StaticEditorFlags: 0
  m_IsActive: 1
--- !u!1 &1383456514789496
GameObject:
  m_ObjectHideFlags: 1
  m_CorrespondingSourceObject: {fileID: 0}
  m_PrefabInternal: {fileID: 100100000}
  serializedVersion: 6
  m_Component:
  - component: {fileID: 4449095300899716}
  - component: {fileID: 114316287118108818}
  m_Layer: 11
  m_Name: bulletMissile
  m_TagString: Untagged
  m_Icon: {fileID: 0}
  m_NavMeshLayer: 0
  m_StaticEditorFlags: 0
  m_IsActive: 1
--- !u!1 &1586248150530996
GameObject:
  m_ObjectHideFlags: 0
  m_CorrespondingSourceObject: {fileID: 0}
  m_PrefabInternal: {fileID: 100100000}
  serializedVersion: 6
  m_Component:
  - component: {fileID: 4510588212738516}
  - component: {fileID: 114285075483139304}
  m_Layer: 8
  m_Name: HPBar
  m_TagString: Untagged
  m_Icon: {fileID: 0}
  m_NavMeshLayer: 0
  m_StaticEditorFlags: 0
  m_IsActive: 1
--- !u!1 &1705987377212560
GameObject:
  m_ObjectHideFlags: 1
  m_CorrespondingSourceObject: {fileID: 0}
  m_PrefabInternal: {fileID: 100100000}
  serializedVersion: 6
  m_Component:
  - component: {fileID: 4630329335053498}
  - component: {fileID: 33912978080368788}
  - component: {fileID: 23989663473818220}
  - component: {fileID: 114428629285853126}
  m_Layer: 8
  m_Name: sFilled
  m_TagString: Untagged
  m_Icon: {fileID: 0}
  m_NavMeshLayer: 0
  m_StaticEditorFlags: 0
  m_IsActive: 1
--- !u!1 &1910970333116606
GameObject:
  m_ObjectHideFlags: 0
  m_CorrespondingSourceObject: {fileID: 0}
  m_PrefabInternal: {fileID: 100100000}
  serializedVersion: 6
  m_Component:
  - component: {fileID: 4799315151604802}
  - component: {fileID: 50703775963003834}
  - component: {fileID: 58138074248669422}
  - component: {fileID: 114723478802352562}
  - component: {fileID: 114112768606471830}
  - component: {fileID: 114936171619683924}
  - component: {fileID: 114323129416715942}
  - component: {fileID: 212055092701809646}
  - component: {fileID: 114007147672099848}
  - component: {fileID: 114562803933912882}
  m_Layer: 8
  m_Name: 11_World4_OngTamNhiet
  m_TagString: Enemy
  m_Icon: {fileID: 0}
  m_NavMeshLayer: 0
  m_StaticEditorFlags: 0
  m_IsActive: 1
--- !u!1 &1990812600506898
GameObject:
  m_ObjectHideFlags: 0
  m_CorrespondingSourceObject: {fileID: 0}
  m_PrefabInternal: {fileID: 100100000}
  serializedVersion: 6
  m_Component:
  - component: {fileID: 4560326258512606}
  m_Layer: 11
  m_Name: ListMissile
  m_TagString: Untagged
  m_Icon: {fileID: 0}
  m_NavMeshLayer: 0
  m_StaticEditorFlags: 0
  m_IsActive: 1
--- !u!4 &4056075161739008
Transform:
  m_ObjectHideFlags: 1
  m_CorrespondingSourceObject: {fileID: 0}
  m_PrefabInternal: {fileID: 100100000}
  m_GameObject: {fileID: 1272159483083200}
  m_LocalRotation: {x: -0, y: -0, z: -0, w: 1}
  m_LocalPosition: {x: 0.555, y: 0.5, z: 0}
  m_LocalScale: {x: 1, y: 1, z: 1}
  m_Children:
  - {fileID: 4449095300899716}
  m_Father: {fileID: 4560326258512606}
  m_RootOrder: 1
  m_LocalEulerAnglesHint: {x: 0, y: 0, z: 0}
--- !u!4 &4129607735411104
Transform:
  m_ObjectHideFlags: 1
  m_CorrespondingSourceObject: {fileID: 0}
  m_PrefabInternal: {fileID: 100100000}
  m_GameObject: {fileID: 1127843175648360}
  m_LocalRotation: {x: 0, y: 0, z: 0.9659258, w: 0.25881907}
  m_LocalPosition: {x: 0, y: 0, z: 0}
  m_LocalScale: {x: 1, y: 1, z: 1}
  m_Children: []
  m_Father: {fileID: 4155294747048884}
  m_RootOrder: 1
  m_LocalEulerAnglesHint: {x: 0, y: 0, z: 0}
--- !u!4 &4155294747048884
Transform:
  m_ObjectHideFlags: 1
  m_CorrespondingSourceObject: {fileID: 0}
  m_PrefabInternal: {fileID: 100100000}
  m_GameObject: {fileID: 1081739300428666}
  m_LocalRotation: {x: -0, y: -0, z: -0, w: 1}
  m_LocalPosition: {x: -0.555, y: 0.5, z: 0}
  m_LocalScale: {x: 1, y: 1, z: 1}
  m_Children:
  - {fileID: 4757485057267266}
  - {fileID: 4129607735411104}
  m_Father: {fileID: 4560326258512606}
  m_RootOrder: 0
  m_LocalEulerAnglesHint: {x: 0, y: 0, z: 0}
--- !u!4 &4449095300899716
Transform:
  m_ObjectHideFlags: 1
  m_CorrespondingSourceObject: {fileID: 0}
  m_PrefabInternal: {fileID: 100100000}
  m_GameObject: {fileID: 1383456514789496}
  m_LocalRotation: {x: 0, y: 0, z: 0.25881907, w: 0.9659259}
  m_LocalPosition: {x: 0, y: 0, z: 0}
  m_LocalScale: {x: 1, y: 1, z: 1}
  m_Children: []
  m_Father: {fileID: 4056075161739008}
  m_RootOrder: 0
  m_LocalEulerAnglesHint: {x: 0, y: 0, z: 0}
--- !u!4 &4510588212738516
Transform:
  m_ObjectHideFlags: 1
  m_CorrespondingSourceObject: {fileID: 0}
  m_PrefabInternal: {fileID: 100100000}
  m_GameObject: {fileID: 1586248150530996}
  m_LocalRotation: {x: 0, y: 0, z: 0, w: 1}
  m_LocalPosition: {x: 0, y: 0, z: 0}
  m_LocalScale: {x: 0.398, y: 0.398, z: 1}
  m_Children:
  - {fileID: 4787032018184726}
  m_Father: {fileID: 4799315151604802}
  m_RootOrder: 1
  m_LocalEulerAnglesHint: {x: 0, y: 0, z: 0}
--- !u!4 &4560326258512606
Transform:
  m_ObjectHideFlags: 1
  m_CorrespondingSourceObject: {fileID: 0}
  m_PrefabInternal: {fileID: 100100000}
  m_GameObject: {fileID: 1990812600506898}
  m_LocalRotation: {x: -0, y: -0, z: -0, w: 1}
  m_LocalPosition: {x: 0, y: 0, z: 0}
  m_LocalScale: {x: 1, y: 1, z: 1}
  m_Children:
  - {fileID: 4155294747048884}
  - {fileID: 4056075161739008}
  m_Father: {fileID: 4799315151604802}
  m_RootOrder: 2
  m_LocalEulerAnglesHint: {x: 0, y: 0, z: 0}
--- !u!4 &4575773322342336
Transform:
  m_ObjectHideFlags: 1
  m_CorrespondingSourceObject: {fileID: 0}
  m_PrefabInternal: {fileID: 100100000}
  m_GameObject: {fileID: 1001207089243274}
  m_LocalRotation: {x: 0, y: 0, z: 0, w: 1}
  m_LocalPosition: {x: 0, y: 0, z: 0}
  m_LocalScale: {x: 1, y: 1, z: 1}
  m_Children: []
  m_Father: {fileID: 4799315151604802}
  m_RootOrder: 0
  m_LocalEulerAnglesHint: {x: 0, y: 0, z: 0}
--- !u!4 &4630329335053498
Transform:
  m_ObjectHideFlags: 1
  m_CorrespondingSourceObject: {fileID: 0}
  m_PrefabInternal: {fileID: 100100000}
  m_GameObject: {fileID: 1705987377212560}
  m_LocalRotation: {x: -0, y: -0, z: -0, w: 1}
  m_LocalPosition: {x: 0, y: 0, z: 0}
  m_LocalScale: {x: 1, y: 1, z: 1}
  m_Children: []
  m_Father: {fileID: 4787032018184726}
  m_RootOrder: 0
  m_LocalEulerAnglesHint: {x: 0, y: 0, z: 0}
--- !u!4 &4757485057267266
Transform:
  m_ObjectHideFlags: 1
  m_CorrespondingSourceObject: {fileID: 0}
  m_PrefabInternal: {fileID: 100100000}
  m_GameObject: {fileID: 1065573058285748}
  m_LocalRotation: {x: 0, y: 0, z: 0.9659258, w: 0.25881907}
  m_LocalPosition: {x: 0, y: 0, z: 0}
  m_LocalScale: {x: 1, y: 1, z: 1}
  m_Children: []
  m_Father: {fileID: 4155294747048884}
  m_RootOrder: 0
  m_LocalEulerAnglesHint: {x: 0, y: 0, z: 0}
--- !u!4 &4787032018184726
Transform:
  m_ObjectHideFlags: 1
  m_CorrespondingSourceObject: {fileID: 0}
  m_PrefabInternal: {fileID: 100100000}
  m_GameObject: {fileID: 1087700262161736}
  m_LocalRotation: {x: -0, y: -0, z: -0, w: 1}
  m_LocalPosition: {x: 0, y: -2.21, z: 0}
  m_LocalScale: {x: 1, y: 1, z: 1}
  m_Children:
  - {fileID: 4630329335053498}
  m_Father: {fileID: 4510588212738516}
  m_RootOrder: 0
  m_LocalEulerAnglesHint: {x: 0, y: 0, z: 0}
--- !u!4 &4799315151604802
Transform:
  m_ObjectHideFlags: 1
  m_CorrespondingSourceObject: {fileID: 0}
  m_PrefabInternal: {fileID: 100100000}
  m_GameObject: {fileID: 1910970333116606}
  m_LocalRotation: {x: -0, y: -0, z: -0, w: 1}
  m_LocalPosition: {x: -1.71, y: 0.15, z: 0}
  m_LocalScale: {x: 1.1, y: 1.1, z: 1}
  m_Children:
  - {fileID: 4575773322342336}
  - {fileID: 4510588212738516}
  - {fileID: 4560326258512606}
  m_Father: {fileID: 0}
  m_RootOrder: 0
  m_LocalEulerAnglesHint: {x: 0, y: 0, z: 0}
--- !u!23 &23989663473818220
MeshRenderer:
  m_ObjectHideFlags: 1
  m_CorrespondingSourceObject: {fileID: 0}
  m_PrefabInternal: {fileID: 100100000}
  m_GameObject: {fileID: 1705987377212560}
  m_Enabled: 1
  m_CastShadows: 1
  m_ReceiveShadows: 1
  m_DynamicOccludee: 1
  m_MotionVectors: 1
  m_LightProbeUsage: 1
  m_ReflectionProbeUsage: 1
  m_RenderingLayerMask: 4294967295
  m_Materials:
  - {fileID: 2100000, guid: b92f043f961495d44b52ac9e240b4dbd, type: 2}
  m_StaticBatchInfo:
    firstSubMesh: 0
    subMeshCount: 0
  m_StaticBatchRoot: {fileID: 0}
  m_ProbeAnchor: {fileID: 0}
  m_LightProbeVolumeOverride: {fileID: 0}
  m_ScaleInLightmap: 1
  m_PreserveUVs: 0
  m_IgnoreNormalsForChartDetection: 0
  m_ImportantGI: 0
  m_StitchLightmapSeams: 0
  m_SelectedEditorRenderState: 3
  m_MinimumChartSize: 4
  m_AutoUVMaxDistance: 0.5
  m_AutoUVMaxAngle: 89
  m_LightmapParameters: {fileID: 0}
  m_SortingLayerID: 0
  m_SortingLayer: 0
  m_SortingOrder: 12
--- !u!33 &33912978080368788
MeshFilter:
  m_ObjectHideFlags: 1
  m_CorrespondingSourceObject: {fileID: 0}
  m_PrefabInternal: {fileID: 100100000}
  m_GameObject: {fileID: 1705987377212560}
  m_Mesh: {fileID: 0}
--- !u!50 &50703775963003834
Rigidbody2D:
  serializedVersion: 4
  m_ObjectHideFlags: 1
  m_CorrespondingSourceObject: {fileID: 0}
  m_PrefabInternal: {fileID: 100100000}
  m_GameObject: {fileID: 1910970333116606}
  m_BodyType: 1
  m_Simulated: 1
  m_UseFullKinematicContacts: 0
  m_UseAutoMass: 0
  m_Mass: 1
  m_LinearDrag: 0
  m_AngularDrag: 0.05
  m_GravityScale: 1
  m_Material: {fileID: 0}
  m_Interpolate: 0
  m_SleepingMode: 1
  m_CollisionDetection: 0
  m_Constraints: 0
--- !u!58 &58138074248669422
CircleCollider2D:
  m_ObjectHideFlags: 1
  m_CorrespondingSourceObject: {fileID: 0}
  m_PrefabInternal: {fileID: 100100000}
  m_GameObject: {fileID: 1910970333116606}
  m_Enabled: 1
  m_Density: 1
  m_Material: {fileID: 0}
  m_IsTrigger: 1
  m_UsedByEffector: 0
  m_UsedByComposite: 0
  m_Offset: {x: 0, y: -0.11}
  serializedVersion: 2
  m_Radius: 0.35
--- !u!95 &95833518806031916
Animator:
  serializedVersion: 3
  m_ObjectHideFlags: 1
  m_CorrespondingSourceObject: {fileID: 0}
  m_PrefabInternal: {fileID: 100100000}
  m_GameObject: {fileID: 1001207089243274}
  m_Enabled: 1
  m_Avatar: {fileID: 0}
  m_Controller: {fileID: 9100000, guid: bec7597f703e1ab4e81f1cabeddc5106, type: 2}
  m_CullingMode: 0
  m_UpdateMode: 0
  m_ApplyRootMotion: 0
  m_LinearVelocityBlending: 0
  m_WarningMessage: 
  m_HasTransformHierarchy: 1
  m_AllowConstantClipSamplingOptimization: 1
  m_KeepAnimatorControllerStateOnDisable: 0
--- !u!114 &114007147672099848
MonoBehaviour:
  m_ObjectHideFlags: 1
  m_CorrespondingSourceObject: {fileID: 0}
  m_PrefabInternal: {fileID: 100100000}
  m_GameObject: {fileID: 1910970333116606}
  m_Enabled: 1
  m_EditorHideFlags: 0
  m_Script: {fileID: 11500000, guid: b121fb9b8b3c0ff44b1d349b50e11dbf, type: 3}
  m_Name: 
  m_EditorClassIdentifier: 
  enemyInScreen: 0
--- !u!114 &114112768606471830
MonoBehaviour:
  m_ObjectHideFlags: 1
  m_CorrespondingSourceObject: {fileID: 0}
  m_PrefabInternal: {fileID: 100100000}
  m_GameObject: {fileID: 1910970333116606}
  m_Enabled: 1
  m_EditorHideFlags: 0
  m_Script: {fileID: 11500000, guid: 623252fdd281fd549b1880113a718b5a, type: 3}
  m_Name: 
  m_EditorClassIdentifier: 
  enemyCollisionBase: {fileID: 0}
  ID: Enemy4Elite_BoTamNhiet
  uid: 0
  score: 6200
  maxHP: 6200
  currentHP: 0
  index: 0
  dieExplosion: {fileID: 0}
  fxDie: 0
  deadEvent:
    m_PersistentCalls:
      m_Calls: []
    m_TypeName: UnityEngine.Events.UnityEvent, UnityEngine.CoreModule, Version=0.0.0.0,
      Culture=neutral, PublicKeyToken=null
  forceRemoveEvent:
    m_PersistentCalls:
      m_Calls: []
    m_TypeName: UnityEngine.Events.UnityEvent, UnityEngine.CoreModule, Version=0.0.0.0,
      Culture=neutral, PublicKeyToken=null
  m_Action:
  - displayName: PauseAndShootLoop
    action:
      m_PersistentCalls:
        m_Calls:
        - m_Target: {fileID: 114112768606471830}
          m_MethodName: PauseAndShootLoop
          m_Mode: 4
          m_Arguments:
            m_ObjectArgument: {fileID: 0}
            m_ObjectArgumentAssemblyTypeName: UnityEngine.Object, UnityEngine
            m_IntArgument: 0
            m_FloatArgument: 5
            m_StringArgument: 
            m_BoolArgument: 0
          m_CallState: 2
      m_TypeName: UnityEngine.Events.UnityEvent, UnityEngine.CoreModule, Version=0.0.0.0,
        Culture=neutral, PublicKeyToken=null
  - displayName: DropItem
    action:
      m_PersistentCalls:
        m_Calls:
        - m_Target: {fileID: 114112768606471830}
          m_MethodName: DropItem
          m_Mode: 1
          m_Arguments:
            m_ObjectArgument: {fileID: 0}
            m_ObjectArgumentAssemblyTypeName: UnityEngine.Object, UnityEngine
            m_IntArgument: 0
            m_FloatArgument: 0
            m_StringArgument: 
            m_BoolArgument: 0
          m_CallState: 2
      m_TypeName: UnityEngine.Events.UnityEvent, UnityEngine.CoreModule, Version=0.0.0.0,
        Culture=neutral, PublicKeyToken=null
  - displayName: ChangeSpeed
    action:
      m_PersistentCalls:
        m_Calls:
        - m_Target: {fileID: 114112768606471830}
          m_MethodName: ChangeSpeed
          m_Mode: 1
          m_Arguments:
            m_ObjectArgument: {fileID: 0}
            m_ObjectArgumentAssemblyTypeName: UnityEngine.Object, UnityEngine
            m_IntArgument: 0
            m_FloatArgument: 0
            m_StringArgument: 
            m_BoolArgument: 0
          m_CallState: 2
      m_TypeName: UnityEngine.Events.UnityEvent, UnityEngine.CoreModule, Version=0.0.0.0,
        Culture=neutral, PublicKeyToken=null
  - displayName: ChangeToPathLoop
    action:
      m_PersistentCalls:
        m_Calls:
        - m_Target: {fileID: 114112768606471830}
          m_MethodName: ChangeToPathLoop
          m_Mode: 1
          m_Arguments:
            m_ObjectArgument: {fileID: 0}
            m_ObjectArgumentAssemblyTypeName: UnityEngine.Object, UnityEngine
            m_IntArgument: 0
            m_FloatArgument: 0
            m_StringArgument: 
            m_BoolArgument: 0
          m_CallState: 2
      m_TypeName: UnityEngine.Events.UnityEvent, UnityEngine.CoreModule, Version=0.0.0.0,
        Culture=neutral, PublicKeyToken=null
  - displayName: ShootLoop
    action:
      m_PersistentCalls:
        m_Calls:
        - m_Target: {fileID: 114112768606471830}
          m_MethodName: ShootLoop
          m_Mode: 4
          m_Arguments:
            m_ObjectArgument: {fileID: 0}
            m_ObjectArgumentAssemblyTypeName: UnityEngine.Object, UnityEngine
            m_IntArgument: 0
            m_FloatArgument: 6
            m_StringArgument: 
            m_BoolArgument: 0
          m_CallState: 2
      m_TypeName: UnityEngine.Events.UnityEvent, UnityEngine.CoreModule, Version=0.0.0.0,
        Culture=neutral, PublicKeyToken=null
  isRemoved: 0
  properties: []
  newSpeed: 0
  timeActionPause: 0
  newPath_Loop: {fileID: 0}
  posStartPathLoop: {x: 0, y: 0, z: 0}
  syncAnimation: 0
  gunCtrlList:
  - {fileID: 114532298977111852}
  - {fileID: 114163272844446056}
  enemyChangeGunIns: {fileID: 0}
  enemyHpBarIns: {fileID: 114285075483139304}
  enemyIsInScene: 0
--- !u!114 &114163272844446056
MonoBehaviour:
  m_ObjectHideFlags: 1
  m_CorrespondingSourceObject: {fileID: 0}
  m_PrefabInternal: {fileID: 100100000}
  m_GameObject: {fileID: 1272159483083200}
  m_Enabled: 1
  m_EditorHideFlags: 0
  m_Script: {fileID: 11500000, guid: f4f0f29fa90c15e4ca1c2e77ce62f18a, type: 3}
  m_Name: 
  m_EditorClassIdentifier: 
  m_axisMove: 0
  m_inheritAngle: 0
  m_startOnAwake: 0
  m_startOnAwakeDelay: 0.21
  m_loop: 0
  m_atRandom: 0
  m_shotList:
  - m_shotObj: {fileID: 114316287118108818}
    m_afterDelay: 1
  m_shotRoutineFinishedCallbackEvents:
    m_PersistentCalls:
      m_Calls:
      - m_Target: {fileID: 0}
        m_MethodName: 
        m_Mode: 1
        m_Arguments:
          m_ObjectArgument: {fileID: 0}
          m_ObjectArgumentAssemblyTypeName: 
          m_IntArgument: 0
          m_FloatArgument: 0
          m_StringArgument: 
          m_BoolArgument: 0
        m_CallState: 2
    m_TypeName: UnityEngine.Events.UnityEvent, UnityEngine.CoreModule, Version=0.0.0.0,
      Culture=neutral, PublicKeyToken=null
--- !u!114 &114285075483139304
MonoBehaviour:
  m_ObjectHideFlags: 1
  m_CorrespondingSourceObject: {fileID: 0}
  m_PrefabInternal: {fileID: 100100000}
  m_GameObject: {fileID: 1586248150530996}
  m_Enabled: 1
  m_EditorHideFlags: 0
  m_Script: {fileID: 11500000, guid: 453832ba07446914ba72984f85045559, type: 3}
  m_Name: 
  m_EditorClassIdentifier: 
  useHpBar: 1
  rotateHpBar: 0
  timeDelayHide: 10
  parentHpBar: {fileID: 1087700262161736}
  sBgBar: {fileID: 1087700262161736}
  tk2dClippedHp: {fileID: 114428629285853126}
  baseEnemyTransIns: {fileID: 4799315151604802}
--- !u!114 &114316287118108818
MonoBehaviour:
  m_ObjectHideFlags: 1
  m_CorrespondingSourceObject: {fileID: 0}
  m_PrefabInternal: {fileID: 100100000}
  m_GameObject: {fileID: 1383456514789496}
  m_Enabled: 1
  m_EditorHideFlags: 0
  m_Script: {fileID: 11500000, guid: fc1d5f4062a003f48a2a65213bcb409a, type: 3}
  m_Name: 
  m_EditorClassIdentifier: 
  m_bulletPrefab: {fileID: 1804827124529320, guid: 275aa507620fcca40a1387f52a5d383e,
    type: 2}
  m_bulletNum: 10
  m_bulletSpeed: 2
  m_accelerationSpeed: 0
  m_useMaxSpeed: 0
  m_maxSpeed: 0
  m_useMinSpeed: 0
  m_minSpeed: 0
  m_accelerationTurn: 0
  m_usePauseAndResume: 0
  m_pauseTime: 0
  m_resumeTime: 0
  m_useAutoRelease: 0
  m_autoReleaseTime: 10
  m_shotFiredCallbackEvents:
    m_PersistentCalls:
      m_Calls: []
    m_TypeName: UnityEngine.Events.UnityEvent, UnityEngine.CoreModule, Version=0.0.0.0,
      Culture=neutral, PublicKeyToken=null
  m_shotFinishedCallbackEvents:
    m_PersistentCalls:
      m_Calls: []
    m_TypeName: UnityEngine.Events.UnityEvent, UnityEngine.CoreModule, Version=0.0.0.0,
      Culture=neutral, PublicKeyToken=null
--- !u!114 &114323129416715942
MonoBehaviour:
  m_ObjectHideFlags: 1
  m_CorrespondingSourceObject: {fileID: 0}
  m_PrefabInternal: {fileID: 100100000}
  m_GameObject: {fileID: 1910970333116606}
  m_Enabled: 1
  m_EditorHideFlags: 0
  m_Script: {fileID: 11500000, guid: d32ee741d6930f44785b12be42d73734, type: 3}
  m_Name: 
  m_EditorClassIdentifier: 
  rateDropCoin: 60
  valueDropMin: 18
  valueDropMax: 22
  coinCopperPrefab: {fileID: 1805803035342068, guid: eff75fb40b795094592e205e68380f00,
    type: 2}
  coinSilverPrefab: {fileID: 1658199328922322, guid: 765286d4653caf547af49820ccbb020c,
    type: 2}
  coinGoldPrefab: {fileID: 1327589386488948, guid: fe8a9e3336aa7b14892344db7da76f8e,
    type: 2}
  coinDiamondPrefab: {fileID: 1002028682315720, guid: c60be51fac1172d45aa127b1e8e9812b,
    type: 2}
  valueDropCoinRandom: 0
  rateDropGem: 0
  valueDropGemMin: 0
  valueDropGemMax: 0
  gemPrefab: {fileID: 0}
  valueDropGemRandom: 0
  listRateItemDrop:
  - name: Power-up
    rateDropItem: 5
    itemObj: {fileID: 1999215372722890, guid: ba16aa3b8e1be974ebadb53d2c4bf30b, type: 2}
  - name: Time Sphere
    rateDropItem: 3
    itemObj: {fileID: 1973257354221794, guid: 53204cfff1dd9a84fbcd04f292f36113, type: 2}
  - name: SpeedShot
    rateDropItem: 3
    itemObj: {fileID: 1973257354221794, guid: f8e01b503b70b59499ab9ce6c45b913c, type: 2}
  listRateCardDrop:
  - nameCard: ItemCardPlane1_BataFD
    rateDropCard: 0
    cardObj: {fileID: 1505540558962768, guid: 073f712577a4fac479d274c7a46a8274, type: 2}
  - nameCard: ItemCardPlane2_SkyWraith
    rateDropCard: 0
    cardObj: {fileID: 1836123362968056, guid: 2df3884ca6bf75a4f90403f56e92f79a, type: 2}
  - nameCard: ItemCardPlane3_FuryOfAres
    rateDropCard: 0
    cardObj: {fileID: 1351619213925196, guid: aea0620a9f6550a479cfdb09052cf16c, type: 2}
  - nameCard: ItemCardPlane6_MacBird
    rateDropCard: 0
    cardObj: {fileID: 1568620274973978, guid: 0811be5ce42ee3548b37c4a1b6e88a15, type: 2}
  - nameCard: ItemCardPlane6_MacBird
    rateDropCard: 0
    cardObj: {fileID: 1819525828772488, guid: 5c4de155a04517c448bfda23d72ec375, type: 2}
  rateDropItemEvents: 500
  numItemEventDrop: 1
  itemEventsPrefab: {fileID: 1366242504247838, guid: 0e6cde9bcee13334b938131f974737a1,
    type: 2}
  rateDropItemEnergy: 0
  itemEnergyPrefab: {fileID: 0}
--- !u!114 &114375373134844562
MonoBehaviour:
  m_ObjectHideFlags: 1
  m_CorrespondingSourceObject: {fileID: 0}
  m_PrefabInternal: {fileID: 100100000}
  m_GameObject: {fileID: 1065573058285748}
  m_Enabled: 1
  m_EditorHideFlags: 0
  m_Script: {fileID: 11500000, guid: fc1d5f4062a003f48a2a65213bcb409a, type: 3}
  m_Name: 
  m_EditorClassIdentifier: 
  m_bulletPrefab: {fileID: 1804827124529320, guid: 275aa507620fcca40a1387f52a5d383e,
    type: 2}
  m_bulletNum: 10
  m_bulletSpeed: 2
  m_accelerationSpeed: 0
  m_useMaxSpeed: 0
  m_maxSpeed: 0
  m_useMinSpeed: 0
  m_minSpeed: 0
  m_accelerationTurn: 0
  m_usePauseAndResume: 0
  m_pauseTime: 0
  m_resumeTime: 0
  m_useAutoRelease: 0
  m_autoReleaseTime: 10
  m_shotFiredCallbackEvents:
    m_PersistentCalls:
      m_Calls: []
    m_TypeName: UnityEngine.Events.UnityEvent, UnityEngine.CoreModule, Version=0.0.0.0,
      Culture=neutral, PublicKeyToken=null
  m_shotFinishedCallbackEvents:
    m_PersistentCalls:
      m_Calls:
      - m_Target: {fileID: 114877017718871134}
        m_MethodName: ChangeAnim_Atk_Step3
        m_Mode: 1
        m_Arguments:
          m_ObjectArgument: {fileID: 0}
          m_ObjectArgumentAssemblyTypeName: UnityEngine.Object, UnityEngine
          m_IntArgument: 0
          m_FloatArgument: 0
          m_StringArgument: 
          m_BoolArgument: 0
        m_CallState: 2
    m_TypeName: UnityEngine.Events.UnityEvent, UnityEngine.CoreModule, Version=0.0.0.0,
      Culture=neutral, PublicKeyToken=null
--- !u!114 &114428629285853126
MonoBehaviour:
  m_ObjectHideFlags: 1
  m_CorrespondingSourceObject: {fileID: 0}
  m_PrefabInternal: {fileID: 100100000}
  m_GameObject: {fileID: 1705987377212560}
  m_Enabled: 1
  m_EditorHideFlags: 0
  m_Script: {fileID: 11500000, guid: 203665e0cb9d1c342aebb15f96fed059, type: 3}
  m_Name: 
  m_EditorClassIdentifier: 
  collection: {fileID: 114810551548989576, guid: f484c540913ba554ab939be1e0efde68,
    type: 2}
  _color: {r: 1, g: 1, b: 1, a: 1}
  _scale: {x: 1, y: 1, z: 1}
  _spriteId: 0
  boxCollider2D: {fileID: 0}
  polygonCollider2D: []
  edgeCollider2D: []
  boxCollider: {fileID: 0}
  meshCollider: {fileID: 0}
  meshColliderPositions: []
  meshColliderMesh: {fileID: 0}
  renderLayer: 12
  _clipBottomLeft: {x: -0.25, y: 0}
  _clipTopRight: {x: 0.75, y: 1}
  _createBoxCollider: 0
--- !u!114 &114532298977111852
MonoBehaviour:
  m_ObjectHideFlags: 1
  m_CorrespondingSourceObject: {fileID: 0}
  m_PrefabInternal: {fileID: 100100000}
  m_GameObject: {fileID: 1081739300428666}
  m_Enabled: 1
  m_EditorHideFlags: 0
  m_Script: {fileID: 11500000, guid: f4f0f29fa90c15e4ca1c2e77ce62f18a, type: 3}
  m_Name: 
  m_EditorClassIdentifier: 
  m_axisMove: 0
  m_inheritAngle: 0
  m_startOnAwake: 0
  m_startOnAwakeDelay: 0.21
  m_loop: 0
  m_atRandom: 0
  m_shotList:
  - m_shotObj: {fileID: 114375373134844562}
    m_afterDelay: 1
  m_shotRoutineFinishedCallbackEvents:
    m_PersistentCalls:
      m_Calls:
      - m_Target: {fileID: 0}
        m_MethodName: 
        m_Mode: 1
        m_Arguments:
          m_ObjectArgument: {fileID: 0}
          m_ObjectArgumentAssemblyTypeName: 
          m_IntArgument: 0
          m_FloatArgument: 0
          m_StringArgument: 
          m_BoolArgument: 0
        m_CallState: 2
    m_TypeName: UnityEngine.Events.UnityEvent, UnityEngine.CoreModule, Version=0.0.0.0,
      Culture=neutral, PublicKeyToken=null
--- !u!114 &114562803933912882
MonoBehaviour:
  m_ObjectHideFlags: 1
  m_CorrespondingSourceObject: {fileID: 0}
  m_PrefabInternal: {fileID: 100100000}
  m_GameObject: {fileID: 1910970333116606}
  m_Enabled: 1
  m_EditorHideFlags: 0
  m_Script: {fileID: 11500000, guid: 6d4b8170872abc347a2d21aad4bfd770, type: 3}
  m_Name: 
  m_EditorClassIdentifier: 
  enemyCollisionBase: {fileID: 114936171619683924}
--- !u!114 &114723478802352562
MonoBehaviour:
  m_ObjectHideFlags: 1
  m_CorrespondingSourceObject: {fileID: 0}
  m_PrefabInternal: {fileID: 100100000}
  m_GameObject: {fileID: 1910970333116606}
  m_Enabled: 1
  m_EditorHideFlags: 0
  m_Script: {fileID: 11500000, guid: 4a2d9078dbe17bc4f966c9d2310be047, type: 3}
  m_Name: 
  m_EditorClassIdentifier: 
  pathContainer: {fileID: 0}
  onStart: 0
  moveToPath: 0
  reverse: 0
  startPoint: 0
  currentPoint: 0
  closeLoop: 0
  local: 0
  lookAhead: 0
  sizeToAdd: 0
  timeValue: 1
  speed: 4
  animEaseType:
    serializedVersion: 2
    m_Curve:
    - serializedVersion: 3
      time: 0
      value: 1
      inSlope: 0
      outSlope: 0
      tangentMode: 0
      weightedMode: 0
      inWeight: 0.33333334
      outWeight: 0.33333334
    - serializedVersion: 3
      time: 1
      value: 1
      inSlope: 0
      outSlope: 0
      tangentMode: 0
      weightedMode: 0
      inWeight: 0.33333334
      outWeight: 0.33333334
    m_PreInfinity: 2
    m_PostInfinity: 2
    m_RotationOrder: 0
  loopType: 0
  waypoints: []
  events: []
  pathType: 1
  pathMode: 0
  easeType: 1
  lockPosition: 0
  lockRotation: 0
  waypointRotation: 0
  rotationTarget: {fileID: 0}
--- !u!114 &114780346023410674
MonoBehaviour:
  m_ObjectHideFlags: 1
  m_CorrespondingSourceObject: {fileID: 0}
  m_PrefabInternal: {fileID: 100100000}
  m_GameObject: {fileID: 1127843175648360}
  m_Enabled: 1
  m_EditorHideFlags: 0
  m_Script: {fileID: 11500000, guid: 0a5b17557811c47abac0a65a46f52e03, type: 3}
  m_Name: 
  m_EditorClassIdentifier: 
  m_bulletPrefab: {fileID: 0}
  m_bulletNum: 1
  m_bulletSpeed: 3
  m_accelerationSpeed: 0.1
  m_useMaxSpeed: 0
  m_maxSpeed: 0
  m_useMinSpeed: 0
  m_minSpeed: 0
  m_accelerationTurn: 0
  m_usePauseAndResume: 0
  m_pauseTime: 0
  m_resumeTime: 0
  m_useAutoRelease: 1
  m_autoReleaseTime: 10
  m_shotFiredCallbackEvents:
    m_PersistentCalls:
      m_Calls: []
    m_TypeName: UnityEngine.Events.UnityEvent, UnityEngine.CoreModule, Version=0.0.0.0,
      Culture=neutral, PublicKeyToken=null
  m_shotFinishedCallbackEvents:
    m_PersistentCalls:
      m_Calls:
      - m_Target: {fileID: 114877017718871134}
        m_MethodName: ChangeAnim_Atk_Step3
        m_Mode: 1
        m_Arguments:
          m_ObjectArgument: {fileID: 0}
          m_ObjectArgumentAssemblyTypeName: UnityEngine.Object, UnityEngine
          m_IntArgument: 0
          m_FloatArgument: 0
          m_StringArgument: 
          m_BoolArgument: 0
        m_CallState: 2
    m_TypeName: UnityEngine.Events.UnityEvent, UnityEngine.CoreModule, Version=0.0.0.0,
      Culture=neutral, PublicKeyToken=null
  m_betweenDelay: 0.25
  m_homingAngleSpeed: 80
  m_setTargetFromTag: 0
  m_targetTagName: player
  m_randomSelectTagTarget: 0
  m_targetTransform: {fileID: 0}
--- !u!114 &114877017718871134
MonoBehaviour:
  m_ObjectHideFlags: 1
  m_CorrespondingSourceObject: {fileID: 0}
  m_PrefabInternal: {fileID: 100100000}
  m_GameObject: {fileID: 1001207089243274}
  m_Enabled: 1
  m_EditorHideFlags: 0
  m_Script: {fileID: 11500000, guid: 6e62b67b05d64d846bd0fa0d011278ed, type: 3}
  m_Name: 
  m_EditorClassIdentifier: 
  typeEnemy: 
  tween_MuiTenXanh_Rung: {fileID: 0}
--- !u!114 &114936171619683924
MonoBehaviour:
  m_ObjectHideFlags: 1
  m_CorrespondingSourceObject: {fileID: 0}
  m_PrefabInternal: {fileID: 100100000}
  m_GameObject: {fileID: 1910970333116606}
  m_Enabled: 1
  m_EditorHideFlags: 0
  m_Script: {fileID: 11500000, guid: 0675c9a50b437d7488c24e0432e6691a, type: 3}
  m_Name: 
  m_EditorClassIdentifier: 
  baseEnemy: {fileID: 0}
--- !u!212 &212055092701809646
SpriteRenderer:
  m_ObjectHideFlags: 1
  m_CorrespondingSourceObject: {fileID: 0}
  m_PrefabInternal: {fileID: 100100000}
  m_GameObject: {fileID: 1910970333116606}
  m_Enabled: 1
  m_CastShadows: 0
  m_ReceiveShadows: 0
  m_DynamicOccludee: 1
  m_MotionVectors: 1
  m_LightProbeUsage: 1
  m_ReflectionProbeUsage: 1
  m_RenderingLayerMask: 4294967295
  m_Materials:
  - {fileID: 10754, guid: 0000000000000000f000000000000000, type: 0}
  m_StaticBatchInfo:
    firstSubMesh: 0
    subMeshCount: 0
  m_StaticBatchRoot: {fileID: 0}
  m_ProbeAnchor: {fileID: 0}
  m_LightProbeVolumeOverride: {fileID: 0}
  m_ScaleInLightmap: 1
  m_PreserveUVs: 0
  m_IgnoreNormalsForChartDetection: 0
  m_ImportantGI: 0
  m_StitchLightmapSeams: 0
  m_SelectedEditorRenderState: 0
  m_MinimumChartSize: 4
  m_AutoUVMaxDistance: 0.5
  m_AutoUVMaxAngle: 89
  m_LightmapParameters: {fileID: 0}
  m_SortingLayerID: 0
  m_SortingLayer: 0
  m_SortingOrder: 0
  m_Sprite: {fileID: 0}
  m_Color: {r: 1, g: 1, b: 1, a: 1}
  m_FlipX: 0
  m_FlipY: 0
  m_DrawMode: 0
  m_Size: {x: 1, y: 1}
  m_AdaptiveModeThreshold: 0.5
  m_SpriteTileMode: 0
  m_WasSpriteAssigned: 0
  m_MaskInteraction: 0
  m_SpriteSortPoint: 0
--- !u!212 &212486071148153710
SpriteRenderer:
  m_ObjectHideFlags: 1
  m_CorrespondingSourceObject: {fileID: 0}
  m_PrefabInternal: {fileID: 100100000}
  m_GameObject: {fileID: 1001207089243274}
  m_Enabled: 1
  m_CastShadows: 0
  m_ReceiveShadows: 0
  m_DynamicOccludee: 1
  m_MotionVectors: 1
  m_LightProbeUsage: 1
  m_ReflectionProbeUsage: 1
  m_RenderingLayerMask: 4294967295
  m_Materials:
  - {fileID: 10754, guid: 0000000000000000f000000000000000, type: 0}
  m_StaticBatchInfo:
    firstSubMesh: 0
    subMeshCount: 0
  m_StaticBatchRoot: {fileID: 0}
  m_ProbeAnchor: {fileID: 0}
  m_LightProbeVolumeOverride: {fileID: 0}
  m_ScaleInLightmap: 1
  m_PreserveUVs: 0
  m_IgnoreNormalsForChartDetection: 0
  m_ImportantGI: 0
  m_StitchLightmapSeams: 0
  m_SelectedEditorRenderState: 0
  m_MinimumChartSize: 4
  m_AutoUVMaxDistance: 0.5
  m_AutoUVMaxAngle: 89
  m_LightmapParameters: {fileID: 0}
  m_SortingLayerID: 0
  m_SortingLayer: 0
  m_SortingOrder: 11
  m_Sprite: {fileID: 21300000, guid: 763471d0612003f46ae7a9a1540bc70a, type: 3}
  m_Color: {r: 1, g: 1, b: 1, a: 1}
  m_FlipX: 0
  m_FlipY: 0
  m_DrawMode: 0
  m_Size: {x: 1.24, y: 0.83}
  m_AdaptiveModeThreshold: 0.5
  m_SpriteTileMode: 0
  m_WasSpriteAssigned: 1
  m_MaskInteraction: 0
  m_SpriteSortPoint: 0
--- !u!212 &212813017855687114
SpriteRenderer:
  m_ObjectHideFlags: 1
  m_CorrespondingSourceObject: {fileID: 0}
  m_PrefabInternal: {fileID: 100100000}
  m_GameObject: {fileID: 1087700262161736}
  m_Enabled: 1
  m_CastShadows: 0
  m_ReceiveShadows: 0
  m_DynamicOccludee: 1
  m_MotionVectors: 1
  m_LightProbeUsage: 1
  m_ReflectionProbeUsage: 1
  m_RenderingLayerMask: 4294967295
  m_Materials:
  - {fileID: 10754, guid: 0000000000000000f000000000000000, type: 0}
  m_StaticBatchInfo:
    firstSubMesh: 0
    subMeshCount: 0
  m_StaticBatchRoot: {fileID: 0}
  m_ProbeAnchor: {fileID: 0}
  m_LightProbeVolumeOverride: {fileID: 0}
  m_ScaleInLightmap: 1
  m_PreserveUVs: 0
  m_IgnoreNormalsForChartDetection: 0
  m_ImportantGI: 0
  m_StitchLightmapSeams: 0
  m_SelectedEditorRenderState: 0
  m_MinimumChartSize: 4
  m_AutoUVMaxDistance: 0.5
  m_AutoUVMaxAngle: 89
  m_LightmapParameters: {fileID: 0}
  m_SortingLayerID: 0
  m_SortingLayer: 0
  m_SortingOrder: 11
  m_Sprite: {fileID: 21300000, guid: 363508cd7ff021245b45f4e761a10c75, type: 3}
  m_Color: {r: 1, g: 1, b: 1, a: 1}
  m_FlipX: 0
  m_FlipY: 0
  m_DrawMode: 0
  m_Size: {x: 1.24, y: 0.83}
  m_AdaptiveModeThreshold: 0.5
  m_SpriteTileMode: 0
  m_WasSpriteAssigned: 1
  m_MaskInteraction: 0
  m_SpriteSortPoint: 0
