%YAML 1.1
%TAG !u! tag:unity3d.com,2011:
--- !u!1001 &100100000
Prefab:
  m_ObjectHideFlags: 1
  serializedVersion: 2
  m_Modification:
    m_TransformParent: {fileID: 0}
    m_Modifications: []
    m_RemovedComponents: []
  m_ParentPrefab: {fileID: 0}
  m_RootGameObject: {fileID: 1630582437857850}
  m_IsPrefabParent: 1
--- !u!1 &1064439906389400
GameObject:
  m_ObjectHideFlags: 0
  m_PrefabParentObject: {fileID: 0}
  m_PrefabInternal: {fileID: 100100000}
  serializedVersion: 5
  m_Component:
  - component: {fileID: 4446590808013860}
  - component: {fileID: 114301612290090598}
  m_Layer: 0
  m_Name: Mui Ten
  m_TagString: Untagged
  m_Icon: {fileID: 0}
  m_NavMeshLayer: 0
  m_StaticEditorFlags: 0
  m_IsActive: 1
--- !u!1 &1123661394383396
GameObject:
  m_ObjectHideFlags: 0
  m_PrefabParentObject: {fileID: 0}
  m_PrefabInternal: {fileID: 100100000}
  serializedVersion: 5
  m_Component:
  - component: {fileID: 4385281566736272}
  - component: {fileID: 114280984499099126}
  m_Layer: 0
  m_Name: LuoiCua 3
  m_TagString: Untagged
  m_Icon: {fileID: 0}
  m_NavMeshLayer: 0
  m_StaticEditorFlags: 0
  m_IsActive: 1
--- !u!1 &1330008993745202
GameObject:
  m_ObjectHideFlags: 0
  m_PrefabParentObject: {fileID: 0}
  m_PrefabInternal: {fileID: 100100000}
  serializedVersion: 5
  m_Component:
  - component: {fileID: 4246145700329924}
  - component: {fileID: 114661851992708762}
  m_Layer: 0
  m_Name: LuoiCua 3
  m_TagString: Untagged
  m_Icon: {fileID: 0}
  m_NavMeshLayer: 0
  m_StaticEditorFlags: 0
  m_IsActive: 1
--- !u!1 &1362343002873032
GameObject:
  m_ObjectHideFlags: 0
  m_PrefabParentObject: {fileID: 0}
  m_PrefabInternal: {fileID: 100100000}
  serializedVersion: 5
  m_Component:
  - component: {fileID: 4530442885923348}
  - component: {fileID: 114211206196241944}
  m_Layer: 0
  m_Name: Mui Ten
  m_TagString: Untagged
  m_Icon: {fileID: 0}
  m_NavMeshLayer: 0
  m_StaticEditorFlags: 0
  m_IsActive: 1
--- !u!1 &1467043896697226
GameObject:
  m_ObjectHideFlags: 0
  m_PrefabParentObject: {fileID: 0}
  m_PrefabInternal: {fileID: 100100000}
  serializedVersion: 5
  m_Component:
  - component: {fileID: 4624053108506292}
  - component: {fileID: 114789994925506116}
  m_Layer: 0
  m_Name: LuoiCua 3
  m_TagString: Untagged
  m_Icon: {fileID: 0}
  m_NavMeshLayer: 0
  m_StaticEditorFlags: 0
  m_IsActive: 1
--- !u!1 &1630582437857850
GameObject:
  m_ObjectHideFlags: 0
  m_PrefabParentObject: {fileID: 0}
  m_PrefabInternal: {fileID: 100100000}
  serializedVersion: 5
  m_Component:
  - component: {fileID: 4848351742983882}
  - component: {fileID: 114744525505064100}
  m_Layer: 0
  m_Name: Lv49_2
  m_TagString: Untagged
  m_Icon: {fileID: 0}
  m_NavMeshLayer: 0
  m_StaticEditorFlags: 0
  m_IsActive: 1
--- !u!4 &4246145700329924
Transform:
  m_ObjectHideFlags: 1
  m_PrefabParentObject: {fileID: 0}
  m_PrefabInternal: {fileID: 100100000}
  m_GameObject: {fileID: 1330008993745202}
  m_LocalRotation: {x: -0, y: -0, z: -0, w: 1}
  m_LocalPosition: {x: 1.94, y: 9.22, z: 0}
  m_LocalScale: {x: 1, y: 1, z: 1}
  m_Children: []
  m_Father: {fileID: 4848351742983882}
  m_RootOrder: 4
  m_LocalEulerAnglesHint: {x: 0, y: 0, z: 0}
--- !u!4 &4385281566736272
Transform:
  m_ObjectHideFlags: 1
  m_PrefabParentObject: {fileID: 0}
  m_PrefabInternal: {fileID: 100100000}
  m_GameObject: {fileID: 1123661394383396}
  m_LocalRotation: {x: -0, y: -0, z: -0, w: 1}
  m_LocalPosition: {x: -1.88, y: 9.22, z: 0}
  m_LocalScale: {x: 1, y: 1, z: 1}
  m_Children: []
  m_Father: {fileID: 4848351742983882}
  m_RootOrder: 3
  m_LocalEulerAnglesHint: {x: 0, y: 0, z: 0}
--- !u!4 &4446590808013860
Transform:
  m_ObjectHideFlags: 1
  m_PrefabParentObject: {fileID: 0}
  m_PrefabInternal: {fileID: 100100000}
  m_GameObject: {fileID: 1064439906389400}
  m_LocalRotation: {x: -0, y: -0, z: -0, w: 1}
  m_LocalPosition: {x: 0.01, y: 9.05, z: 0}
  m_LocalScale: {x: 1, y: 1, z: 1}
  m_Children: []
  m_Father: {fileID: 4848351742983882}
  m_RootOrder: 0
  m_LocalEulerAnglesHint: {x: 0, y: 0, z: 0}
--- !u!4 &4530442885923348
Transform:
  m_ObjectHideFlags: 1
  m_PrefabParentObject: {fileID: 0}
  m_PrefabInternal: {fileID: 100100000}
  m_GameObject: {fileID: 1362343002873032}
  m_LocalRotation: {x: -0, y: -0, z: -0, w: 1}
  m_LocalPosition: {x: 0.01, y: 9.05, z: 0}
  m_LocalScale: {x: 1, y: 1, z: 1}
  m_Children: []
  m_Father: {fileID: 4848351742983882}
  m_RootOrder: 1
  m_LocalEulerAnglesHint: {x: 0, y: 0, z: 0}
--- !u!4 &4624053108506292
Transform:
  m_ObjectHideFlags: 1
  m_PrefabParentObject: {fileID: 0}
  m_PrefabInternal: {fileID: 100100000}
  m_GameObject: {fileID: 1467043896697226}
  m_LocalRotation: {x: -0, y: -0, z: -0, w: 1}
  m_LocalPosition: {x: 0.03, y: 9.22, z: 0}
  m_LocalScale: {x: 1, y: 1, z: 1}
  m_Children: []
  m_Father: {fileID: 4848351742983882}
  m_RootOrder: 2
  m_LocalEulerAnglesHint: {x: 0, y: 0, z: 0}
--- !u!4 &4848351742983882
Transform:
  m_ObjectHideFlags: 1
  m_PrefabParentObject: {fileID: 0}
  m_PrefabInternal: {fileID: 100100000}
  m_GameObject: {fileID: 1630582437857850}
  m_LocalRotation: {x: 0, y: 0, z: 0, w: 1}
  m_LocalPosition: {x: 0, y: 0, z: 0}
  m_LocalScale: {x: 1, y: 1, z: 1}
  m_Children:
  - {fileID: 4446590808013860}
  - {fileID: 4530442885923348}
  - {fileID: 4624053108506292}
  - {fileID: 4385281566736272}
  - {fileID: 4246145700329924}
  m_Father: {fileID: 0}
  m_RootOrder: 0
  m_LocalEulerAnglesHint: {x: 0, y: 0, z: 0}
--- !u!114 &114211206196241944
MonoBehaviour:
  m_ObjectHideFlags: 1
  m_PrefabParentObject: {fileID: 0}
  m_PrefabInternal: {fileID: 100100000}
  m_GameObject: {fileID: 1362343002873032}
  m_Enabled: 1
  m_EditorHideFlags: 0
  m_Script: {fileID: 11500000, guid: 759cc6e4e9140f445b13d21f97c413f4, type: 3}
  m_Name: 
  m_EditorClassIdentifier: 
  path: {fileID: 114934967805681938, guid: e4746670c56a5a64d9c0e6357bc46d16, type: 2}
  timeToBegin: 2
  timeToEnd: -1
  timeToNextEnemy: 0
  totalEnemy: 1
  listMiniTurn:
  - enemyPrefab: {fileID: 1950166182355736, guid: 8115c8dd47d8ab846b4aedfcfff04172,
      type: 2}
    properties: []
    pointAndAction:
    - listAcitonName:
      - PauseAndShootLoop
      - DropItem
      - ChangeSpeed
      - ChangeToPathLoop
      type: Dead by player
      x: 0
      actionName: DropItem
    - listAcitonName:
      - PauseAndShootLoop
      - DropItem
      - ChangeSpeed
      - ChangeToPathLoop
      type: Point = X
      x: 1
      actionName: ChangeSpeed
    - listAcitonName:
      - PauseAndShootLoop
      - DropItem
      - ChangeSpeed
      - ChangeToPathLoop
      type: After X Millisecond
      x: 2000
      actionName: PauseAndShootLoop
    - listAcitonName:
      - PauseAndShootLoop
      - DropItem
      - ChangeSpeed
      - ChangeToPathLoop
      type: Point = X
      x: 2
      actionName: ChangeToPathLoop
    newSpeed: 3
    timePauseAction: 1.5
    newPath: {fileID: 114175224165987812, guid: b7d5b19cb52e9624d8dd707692453fe6,
      type: 2}
    posStartPathNew: {x: 1, y: 3, z: 0}
    syncAnimation: 0
    enemyStartByNumber: 1
    number: 1
    enemyStartByPosition: 0
    startPosition:
    - {x: 0, y: 0}
    - {x: 1, y: 1}
    - {x: -1, y: 1}
    - {x: 0, y: 2}
    - {x: 1, y: 3}
    - {x: -1, y: 3}
    - {x: 0, y: 4}
  changeDurationCamera:
    changeSpeedCamera: 0
    speedBG: 2
    speedDecor: 2.6
    timeChange: 3
--- !u!114 &114280984499099126
MonoBehaviour:
  m_ObjectHideFlags: 1
  m_PrefabParentObject: {fileID: 0}
  m_PrefabInternal: {fileID: 100100000}
  m_GameObject: {fileID: 1123661394383396}
  m_Enabled: 1
  m_EditorHideFlags: 0
  m_Script: {fileID: 11500000, guid: 759cc6e4e9140f445b13d21f97c413f4, type: 3}
  m_Name: 
  m_EditorClassIdentifier: 
  path: {fileID: 114934967805681938, guid: e4746670c56a5a64d9c0e6357bc46d16, type: 2}
  timeToBegin: 5
  timeToEnd: -1
  timeToNextEnemy: 10
  totalEnemy: 1
  listMiniTurn:
  - enemyPrefab: {fileID: 1973698919194272, guid: d8929cb54f746994babf3b25bc589d39,
      type: 2}
    properties: []
    pointAndAction:
    - listAcitonName:
      - DropItem
      - ChangeSpeed
      type: Dead by player
      x: 0
      actionName: DropItem
    - listAcitonName:
      - DropItem
      - ChangeSpeed
      type: Point = X
      x: 1
      actionName: ChangeSpeed
    newSpeed: 2
    timePauseAction: 0.5
    newPath: {fileID: 114845254437007288, guid: 63e1e2d166cef3b4f9254bfb1fd9ab92,
      type: 2}
    posStartPathNew: {x: 0, y: 0, z: 0}
    syncAnimation: 0
    enemyStartByNumber: 1
    number: 3
    enemyStartByPosition: 0
    startPosition:
    - {x: 0, y: 0}
    - {x: 2, y: 0}
    - {x: -2, y: 0}
  changeDurationCamera:
    changeSpeedCamera: 0
    speedBG: 2
    speedDecor: 2.6
    timeChange: 3
--- !u!114 &114301612290090598
MonoBehaviour:
  m_ObjectHideFlags: 1
  m_PrefabParentObject: {fileID: 0}
  m_PrefabInternal: {fileID: 100100000}
  m_GameObject: {fileID: 1064439906389400}
  m_Enabled: 1
  m_EditorHideFlags: 0
  m_Script: {fileID: 11500000, guid: 759cc6e4e9140f445b13d21f97c413f4, type: 3}
  m_Name: 
  m_EditorClassIdentifier: 
  path: {fileID: 114934967805681938, guid: e4746670c56a5a64d9c0e6357bc46d16, type: 2}
  timeToBegin: 0
  timeToEnd: -1
  timeToNextEnemy: 0
  totalEnemy: 1
  listMiniTurn:
  - enemyPrefab: {fileID: 1950166182355736, guid: 8115c8dd47d8ab846b4aedfcfff04172,
      type: 2}
    properties: []
    pointAndAction:
    - listAcitonName:
      - PauseAndShootLoop
      - DropItem
      - ChangeSpeed
      - ChangeToPathLoop
      type: Dead by player
      x: 0
      actionName: DropItem
    - listAcitonName:
      - PauseAndShootLoop
      - DropItem
      - ChangeSpeed
      - ChangeToPathLoop
      type: Point = X
      x: 1
      actionName: ChangeSpeed
    - listAcitonName:
      - PauseAndShootLoop
      - DropItem
      - ChangeSpeed
      - ChangeToPathLoop
      type: After X Millisecond
      x: 2000
      actionName: PauseAndShootLoop
    - listAcitonName:
      - PauseAndShootLoop
      - DropItem
      - ChangeSpeed
      - ChangeToPathLoop
      type: Point = X
      x: 2
      actionName: ChangeToPathLoop
    newSpeed: 3
    timePauseAction: 1.5
    newPath: {fileID: 114175224165987812, guid: b7d5b19cb52e9624d8dd707692453fe6,
      type: 2}
    posStartPathNew: {x: -1, y: 3, z: 0}
    syncAnimation: 0
    enemyStartByNumber: 1
    number: 1
    enemyStartByPosition: 0
    startPosition:
    - {x: 0, y: 0}
    - {x: 1, y: 1}
    - {x: -1, y: 1}
    - {x: 0, y: 2}
    - {x: 1, y: 3}
    - {x: -1, y: 3}
    - {x: 0, y: 4}
  changeDurationCamera:
    changeSpeedCamera: 0
    speedBG: 2
    speedDecor: 2.6
    timeChange: 3
--- !u!114 &114661851992708762
MonoBehaviour:
  m_ObjectHideFlags: 1
  m_PrefabParentObject: {fileID: 0}
  m_PrefabInternal: {fileID: 100100000}
  m_GameObject: {fileID: 1330008993745202}
  m_Enabled: 1
  m_EditorHideFlags: 0
  m_Script: {fileID: 11500000, guid: 759cc6e4e9140f445b13d21f97c413f4, type: 3}
  m_Name: 
  m_EditorClassIdentifier: 
  path: {fileID: 114934967805681938, guid: e4746670c56a5a64d9c0e6357bc46d16, type: 2}
  timeToBegin: 8
  timeToEnd: -1
  timeToNextEnemy: 10
  totalEnemy: 1
  listMiniTurn:
  - enemyPrefab: {fileID: 1973698919194272, guid: d8929cb54f746994babf3b25bc589d39,
      type: 2}
    properties: []
    pointAndAction:
    - listAcitonName:
      - DropItem
      - ChangeSpeed
      type: Dead by player
      x: 0
      actionName: DropItem
    - listAcitonName:
      - DropItem
      - ChangeSpeed
      type: Point = X
      x: 1
      actionName: ChangeSpeed
    newSpeed: 2
    timePauseAction: 0.5
    newPath: {fileID: 114845254437007288, guid: 63e1e2d166cef3b4f9254bfb1fd9ab92,
      type: 2}
    posStartPathNew: {x: 0, y: 0, z: 0}
    syncAnimation: 0
    enemyStartByNumber: 1
    number: 3
    enemyStartByPosition: 0
    startPosition:
    - {x: 0, y: 0}
    - {x: 2, y: 0}
    - {x: -2, y: 0}
  changeDurationCamera:
    changeSpeedCamera: 0
    speedBG: 2
    speedDecor: 2.6
    timeChange: 3
--- !u!114 &114744525505064100
MonoBehaviour:
  m_ObjectHideFlags: 1
  m_PrefabParentObject: {fileID: 0}
  m_PrefabInternal: {fileID: 100100000}
  m_GameObject: {fileID: 1630582437857850}
  m_Enabled: 1
  m_EditorHideFlags: 0
  m_Script: {fileID: 11500000, guid: fc7a5de42f2567642b9024df07f4b5dd, type: 3}
  m_Name: 
  m_EditorClassIdentifier: 
  StartTurnAsync: 0
  mTM: []
--- !u!114 &114789994925506116
MonoBehaviour:
  m_ObjectHideFlags: 1
  m_PrefabParentObject: {fileID: 0}
  m_PrefabInternal: {fileID: 100100000}
  m_GameObject: {fileID: 1467043896697226}
  m_Enabled: 1
  m_EditorHideFlags: 0
  m_Script: {fileID: 11500000, guid: 759cc6e4e9140f445b13d21f97c413f4, type: 3}
  m_Name: 
  m_EditorClassIdentifier: 
  path: {fileID: 114934967805681938, guid: e4746670c56a5a64d9c0e6357bc46d16, type: 2}
  timeToBegin: 2
  timeToEnd: -1
  timeToNextEnemy: 10
  totalEnemy: 1
  listMiniTurn:
  - enemyPrefab: {fileID: 1973698919194272, guid: d8929cb54f746994babf3b25bc589d39,
      type: 2}
    properties: []
    pointAndAction:
    - listAcitonName:
      - DropItem
      - ChangeSpeed
      type: Dead by player
      x: 0
      actionName: DropItem
    - listAcitonName:
      - DropItem
      - ChangeSpeed
      type: Point = X
      x: 1
      actionName: ChangeSpeed
    newSpeed: 2
    timePauseAction: 0.5
    newPath: {fileID: 114845254437007288, guid: 63e1e2d166cef3b4f9254bfb1fd9ab92,
      type: 2}
    posStartPathNew: {x: 0, y: 0, z: 0}
    syncAnimation: 0
    enemyStartByNumber: 1
    number: 3
    enemyStartByPosition: 0
    startPosition:
    - {x: 0, y: 0}
    - {x: 2, y: 0}
    - {x: -2, y: 0}
  changeDurationCamera:
    changeSpeedCamera: 0
    speedBG: 2
    speedDecor: 2.6
    timeChange: 3
