%YAML 1.1
%TAG !u! tag:unity3d.com,2011:
--- !u!1001 &100100000
Prefab:
  m_ObjectHideFlags: 1
  serializedVersion: 2
  m_Modification:
    m_TransformParent: {fileID: 0}
    m_Modifications: []
    m_RemovedComponents: []
  m_SourcePrefab: {fileID: 0}
  m_RootGameObject: {fileID: 1039488588842646}
  m_IsPrefabAsset: 1
--- !u!1 &1039488588842646
GameObject:
  m_ObjectHideFlags: 0
  m_CorrespondingSourceObject: {fileID: 0}
  m_PrefabInternal: {fileID: 100100000}
  serializedVersion: 6
  m_Component:
  - component: {fileID: 4382954500184210}
  - component: {fileID: 114757348077798476}
  m_Layer: 0
  m_Name: WorldTagTeam 6 Medium 10
  m_TagString: Untagged
  m_Icon: {fileID: 0}
  m_NavMeshLayer: 0
  m_StaticEditorFlags: 0
  m_IsActive: 1
--- !u!1 &1082309235138878
GameObject:
  m_ObjectHideFlags: 0
  m_CorrespondingSourceObject: {fileID: 0}
  m_PrefabInternal: {fileID: 100100000}
  serializedVersion: 6
  m_Component:
  - component: {fileID: 4163409539590862}
  - component: {fileID: 114270807011494966}
  m_Layer: 0
  m_Name: Ruoi 3 line 3
  m_TagString: Untagged
  m_Icon: {fileID: 0}
  m_NavMeshLayer: 0
  m_StaticEditorFlags: 0
  m_IsActive: 1
--- !u!1 &1181857515605494
GameObject:
  m_ObjectHideFlags: 0
  m_CorrespondingSourceObject: {fileID: 0}
  m_PrefabInternal: {fileID: 100100000}
  serializedVersion: 6
  m_Component:
  - component: {fileID: 4814916717450818}
  - component: {fileID: 114863824351062354}
  m_Layer: 0
  m_Name: 'Nhang '
  m_TagString: Untagged
  m_Icon: {fileID: 0}
  m_NavMeshLayer: 0
  m_StaticEditorFlags: 0
  m_IsActive: 1
--- !u!1 &1277326809615964
GameObject:
  m_ObjectHideFlags: 0
  m_CorrespondingSourceObject: {fileID: 0}
  m_PrefabInternal: {fileID: 100100000}
  serializedVersion: 6
  m_Component:
  - component: {fileID: 4196869184417272}
  - component: {fileID: 114085096698762888}
  m_Layer: 0
  m_Name: Hazzard (25)
  m_TagString: Untagged
  m_Icon: {fileID: 0}
  m_NavMeshLayer: 0
  m_StaticEditorFlags: 0
  m_IsActive: 1
--- !u!1 &1479751045297878
GameObject:
  m_ObjectHideFlags: 0
  m_CorrespondingSourceObject: {fileID: 0}
  m_PrefabInternal: {fileID: 100100000}
  serializedVersion: 6
  m_Component:
  - component: {fileID: 4982556662229490}
  - component: {fileID: 114151943365728654}
  m_Layer: 0
  m_Name: Nhang
  m_TagString: Untagged
  m_Icon: {fileID: 0}
  m_NavMeshLayer: 0
  m_StaticEditorFlags: 0
  m_IsActive: 1
--- !u!1 &1737577363048512
GameObject:
  m_ObjectHideFlags: 0
  m_CorrespondingSourceObject: {fileID: 0}
  m_PrefabInternal: {fileID: 100100000}
  serializedVersion: 6
  m_Component:
  - component: {fileID: 4050267427799114}
  - component: {fileID: 114847970553354552}
  m_Layer: 0
  m_Name: 'Nhang '
  m_TagString: Untagged
  m_Icon: {fileID: 0}
  m_NavMeshLayer: 0
  m_StaticEditorFlags: 0
  m_IsActive: 1
--- !u!1 &1878055932331192
GameObject:
  m_ObjectHideFlags: 0
  m_CorrespondingSourceObject: {fileID: 0}
  m_PrefabInternal: {fileID: 100100000}
  serializedVersion: 6
  m_Component:
  - component: {fileID: 4270012761253702}
  - component: {fileID: 114491256310118718}
  m_Layer: 0
  m_Name: 'Nhang  '
  m_TagString: Untagged
  m_Icon: {fileID: 0}
  m_NavMeshLayer: 0
  m_StaticEditorFlags: 0
  m_IsActive: 1
--- !u!4 &4050267427799114
Transform:
  m_ObjectHideFlags: 1
  m_CorrespondingSourceObject: {fileID: 0}
  m_PrefabInternal: {fileID: 100100000}
  m_GameObject: {fileID: 1737577363048512}
  m_LocalRotation: {x: -0, y: -0, z: -0, w: 1}
  m_LocalPosition: {x: -0.1, y: 9.56, z: 0}
  m_LocalScale: {x: 1, y: 1, z: 1}
  m_Children: []
  m_Father: {fileID: 4382954500184210}
  m_RootOrder: 3
  m_LocalEulerAnglesHint: {x: 0, y: 0, z: 0}
--- !u!4 &4163409539590862
Transform:
  m_ObjectHideFlags: 1
  m_CorrespondingSourceObject: {fileID: 0}
  m_PrefabInternal: {fileID: 100100000}
  m_GameObject: {fileID: 1082309235138878}
  m_LocalRotation: {x: -0, y: -0, z: -0, w: 1}
  m_LocalPosition: {x: 6.34, y: -1.69, z: 0}
  m_LocalScale: {x: 1, y: 1, z: 1}
  m_Children: []
  m_Father: {fileID: 4382954500184210}
  m_RootOrder: 4
  m_LocalEulerAnglesHint: {x: 0, y: 0, z: 0}
--- !u!4 &4196869184417272
Transform:
  m_ObjectHideFlags: 1
  m_CorrespondingSourceObject: {fileID: 0}
  m_PrefabInternal: {fileID: 100100000}
  m_GameObject: {fileID: 1277326809615964}
  m_LocalRotation: {x: -0, y: -0, z: -0, w: 1}
  m_LocalPosition: {x: 0.12, y: 8.93, z: 0}
  m_LocalScale: {x: 1, y: 1, z: 1}
  m_Children: []
  m_Father: {fileID: 4382954500184210}
  m_RootOrder: 5
  m_LocalEulerAnglesHint: {x: 0, y: 0, z: 0}
--- !u!4 &4270012761253702
Transform:
  m_ObjectHideFlags: 1
  m_CorrespondingSourceObject: {fileID: 0}
  m_PrefabInternal: {fileID: 100100000}
  m_GameObject: {fileID: 1878055932331192}
  m_LocalRotation: {x: -0, y: -0, z: -0, w: 1}
  m_LocalPosition: {x: -6.33, y: -1.76, z: 0}
  m_LocalScale: {x: 1, y: 1, z: 1}
  m_Children: []
  m_Father: {fileID: 4382954500184210}
  m_RootOrder: 0
  m_LocalEulerAnglesHint: {x: 0, y: 0, z: 0}
--- !u!4 &4382954500184210
Transform:
  m_ObjectHideFlags: 1
  m_CorrespondingSourceObject: {fileID: 0}
  m_PrefabInternal: {fileID: 100100000}
  m_GameObject: {fileID: 1039488588842646}
  m_LocalRotation: {x: -0, y: -0, z: -0, w: 1}
  m_LocalPosition: {x: 0, y: 0, z: 0}
  m_LocalScale: {x: 1, y: 1, z: 1}
  m_Children:
  - {fileID: 4270012761253702}
  - {fileID: 4982556662229490}
  - {fileID: 4814916717450818}
  - {fileID: 4050267427799114}
  - {fileID: 4163409539590862}
  - {fileID: 4196869184417272}
  m_Father: {fileID: 0}
  m_RootOrder: 0
  m_LocalEulerAnglesHint: {x: 0, y: 0, z: 0}
--- !u!4 &4814916717450818
Transform:
  m_ObjectHideFlags: 1
  m_CorrespondingSourceObject: {fileID: 0}
  m_PrefabInternal: {fileID: 100100000}
  m_GameObject: {fileID: 1181857515605494}
  m_LocalRotation: {x: -0, y: -0, z: -0, w: 1}
  m_LocalPosition: {x: 0.64, y: 10.02, z: 0}
  m_LocalScale: {x: 1, y: 1, z: 1}
  m_Children: []
  m_Father: {fileID: 4382954500184210}
  m_RootOrder: 2
  m_LocalEulerAnglesHint: {x: 0, y: 0, z: 0}
--- !u!4 &4982556662229490
Transform:
  m_ObjectHideFlags: 1
  m_CorrespondingSourceObject: {fileID: 0}
  m_PrefabInternal: {fileID: 100100000}
  m_GameObject: {fileID: 1479751045297878}
  m_LocalRotation: {x: -0, y: -0, z: -0, w: 1}
  m_LocalPosition: {x: 2.86, y: 12.17, z: 0}
  m_LocalScale: {x: 1, y: 1, z: 1}
  m_Children: []
  m_Father: {fileID: 4382954500184210}
  m_RootOrder: 1
  m_LocalEulerAnglesHint: {x: 0, y: 0, z: 0}
--- !u!114 &114085096698762888
MonoBehaviour:
  m_ObjectHideFlags: 1
  m_CorrespondingSourceObject: {fileID: 0}
  m_PrefabInternal: {fileID: 100100000}
  m_GameObject: {fileID: 1277326809615964}
  m_Enabled: 1
  m_EditorHideFlags: 0
  m_Script: {fileID: 11500000, guid: 759cc6e4e9140f445b13d21f97c413f4, type: 3}
  m_Name: 
  m_EditorClassIdentifier: 
  path: {fileID: 114969117227375332, guid: 842f639ec9e9b9c4c89d737e2ae71a85, type: 2}
  timeToBegin: 0
  timeToEnd: 10
  timeToNextEnemy: 1.5
  totalEnemy: 1
  uid: 0
  listMiniTurn:
  - enemyPrefab: {fileID: 1317804971551414, guid: 586bd07afb211534e97ff0b61841d70d,
      type: 2}
    properties: []
    pointAndAction:
    - listAcitonName:
      - WarningHazzard
      type: Started
      x: 84
      actionName: WarningHazzard
    newSpeed: 4
    timePauseAction: 4
    newPath: {fileID: 114290139886381366, guid: c5dea4e02c9836c478628defff8b4bfe,
      type: 2}
    posStartPathNew: {x: -6, y: 7, z: 0}
    syncAnimation: 0
    enemyStartByNumber: 0
    number: 3
    enemyStartByPosition: 1
    startPosition:
    - {x: -3, y: 0}
    - {x: 0, y: 0}
    - {x: 3, y: 0}
    - {x: 0, y: 0}
    - {x: -3, y: 0}
  changeDurationCamera:
    changeSpeedCamera: 0
    speedBG: 2
    speedDecor: 2.6
    timeChange: 3
--- !u!114 &114151943365728654
MonoBehaviour:
  m_ObjectHideFlags: 1
  m_CorrespondingSourceObject: {fileID: 0}
  m_PrefabInternal: {fileID: 100100000}
  m_GameObject: {fileID: 1479751045297878}
  m_Enabled: 1
  m_EditorHideFlags: 0
  m_Script: {fileID: 11500000, guid: 759cc6e4e9140f445b13d21f97c413f4, type: 3}
  m_Name: 
  m_EditorClassIdentifier: 
  path: {fileID: 114114868636465276, guid: 743802c3995d79f42aae999bed78c277, type: 2}
  timeToBegin: 1
  timeToEnd: 10
  timeToNextEnemy: 1
  totalEnemy: 1
  uid: 0
  listMiniTurn:
  - enemyPrefab: {fileID: 1339762298276930, guid: 1d9a9900d4fb5704186c04eafd30f1f9,
      type: 2}
    properties: []
    pointAndAction:
    - listAcitonName:
      - DropItem
      - Pause
      - ChangeSpeed
      type: Dead by player
      x: 0
      actionName: DropItem
    - listAcitonName:
      - DropItem
      - Pause
      - ChangeSpeed
      type: Point = X
      x: 0
      actionName: ChangeSpeed
    newSpeed: 5
    timePauseAction: 0.2
    newPath: {fileID: 114845254437007288, guid: 63e1e2d166cef3b4f9254bfb1fd9ab92,
      type: 2}
    posStartPathNew: {x: 0, y: 0, z: 0}
    syncAnimation: 0
    enemyStartByNumber: 0
    number: 8
    enemyStartByPosition: 1
    startPosition:
    - {x: -1, y: 0}
    - {x: 0, y: 1}
    - {x: 0, y: -1}
    - {x: -1, y: 1}
    - {x: -1, y: 0}
    - {x: 0, y: 0}
    - {x: 0, y: 0}
  changeDurationCamera:
    changeSpeedCamera: 0
    speedBG: 2
    speedDecor: 2.6
    timeChange: 3
--- !u!114 &114270807011494966
MonoBehaviour:
  m_ObjectHideFlags: 1
  m_CorrespondingSourceObject: {fileID: 0}
  m_PrefabInternal: {fileID: 100100000}
  m_GameObject: {fileID: 1082309235138878}
  m_Enabled: 1
  m_EditorHideFlags: 0
  m_Script: {fileID: 11500000, guid: 759cc6e4e9140f445b13d21f97c413f4, type: 3}
  m_Name: 
  m_EditorClassIdentifier: 
  path: {fileID: 114892060902990394, guid: 0d3eafb4c61e6b14d89dd4663f52898b, type: 2}
  timeToBegin: 3
  timeToEnd: 10
  timeToNextEnemy: 1
  totalEnemy: 1
  uid: 0
  listMiniTurn:
  - enemyPrefab: {fileID: 1966852449433546, guid: f88d0bb0d1f202149b9b0c214622aa45,
      type: 2}
    properties: []
    pointAndAction:
    - listAcitonName:
      - ShootLoop
      - DropItem
      - ChangeSpeed
      - ChangeToPathLoop
      - PauseAndShootLoop
      type: Dead by player
      x: 0
      actionName: DropItem
    - listAcitonName:
      - ShootLoop
      - DropItem
      - ChangeSpeed
      - ChangeToPathLoop
      - PauseAndShootLoop
      type: Point = X
      x: 0
      actionName: ChangeSpeed
    - listAcitonName:
      - ShootLoop
      - DropItem
      - ChangeSpeed
      - ChangeToPathLoop
      - PauseAndShootLoop
      type: Point = X
      x: 1
      actionName: ShootLoop
    newSpeed: 2
    timePauseAction: 4
    newPath: {fileID: 114845254437007288, guid: 63e1e2d166cef3b4f9254bfb1fd9ab92,
      type: 2}
    posStartPathNew: {x: 0, y: 0, z: 0}
    syncAnimation: 0
    enemyStartByNumber: 1
    number: 4
    enemyStartByPosition: 0
    startPosition:
    - {x: 0, y: 0}
    - {x: -1, y: -1}
    - {x: -2, y: -2}
  changeDurationCamera:
    changeSpeedCamera: 0
    speedBG: 2
    speedDecor: 2.6
    timeChange: 3
--- !u!114 &114491256310118718
MonoBehaviour:
  m_ObjectHideFlags: 1
  m_CorrespondingSourceObject: {fileID: 0}
  m_PrefabInternal: {fileID: 100100000}
  m_GameObject: {fileID: 1878055932331192}
  m_Enabled: 1
  m_EditorHideFlags: 0
  m_Script: {fileID: 11500000, guid: 759cc6e4e9140f445b13d21f97c413f4, type: 3}
  m_Name: 
  m_EditorClassIdentifier: 
  path: {fileID: 114117771035912244, guid: 84e633424ea73064fa6cddbfbe9cce8a, type: 2}
  timeToBegin: 0
  timeToEnd: 10
  timeToNextEnemy: 1
  totalEnemy: 1
  uid: 0
  listMiniTurn:
  - enemyPrefab: {fileID: 1339762298276930, guid: 1d9a9900d4fb5704186c04eafd30f1f9,
      type: 2}
    properties: []
    pointAndAction:
    - listAcitonName:
      - DropItem
      - Pause
      - ChangeSpeed
      type: Dead by player
      x: 0
      actionName: DropItem
    - listAcitonName:
      - DropItem
      - Pause
      - ChangeSpeed
      type: Point = X
      x: 0
      actionName: ChangeSpeed
    newSpeed: 5
    timePauseAction: 0.2
    newPath: {fileID: 114845254437007288, guid: 63e1e2d166cef3b4f9254bfb1fd9ab92,
      type: 2}
    posStartPathNew: {x: 0, y: 0, z: 0}
    syncAnimation: 0
    enemyStartByNumber: 0
    number: 7
    enemyStartByPosition: 1
    startPosition:
    - {x: -1, y: 0}
    - {x: 0, y: 1}
    - {x: 0, y: -1}
    - {x: -1, y: 1}
    - {x: -1, y: 0}
    - {x: 0, y: 0}
    - {x: 0, y: 0}
  changeDurationCamera:
    changeSpeedCamera: 0
    speedBG: 2
    speedDecor: 2.6
    timeChange: 3
--- !u!114 &114757348077798476
MonoBehaviour:
  m_ObjectHideFlags: 1
  m_CorrespondingSourceObject: {fileID: 0}
  m_PrefabInternal: {fileID: 100100000}
  m_GameObject: {fileID: 1039488588842646}
  m_Enabled: 1
  m_EditorHideFlags: 0
  m_Script: {fileID: 11500000, guid: fc7a5de42f2567642b9024df07f4b5dd, type: 3}
  m_Name: 
  m_EditorClassIdentifier: 
  StartTurnAsync: 0
  uid: 0
  mTM: []
--- !u!114 &114847970553354552
MonoBehaviour:
  m_ObjectHideFlags: 1
  m_CorrespondingSourceObject: {fileID: 0}
  m_PrefabInternal: {fileID: 100100000}
  m_GameObject: {fileID: 1737577363048512}
  m_Enabled: 1
  m_EditorHideFlags: 0
  m_Script: {fileID: 11500000, guid: 759cc6e4e9140f445b13d21f97c413f4, type: 3}
  m_Name: 
  m_EditorClassIdentifier: 
  path: {fileID: 114603794469835860, guid: ff06b3851ba1c9343af8d5b286bd547e, type: 2}
  timeToBegin: 2
  timeToEnd: 10
  timeToNextEnemy: 1
  totalEnemy: 1
  uid: 0
  listMiniTurn:
  - enemyPrefab: {fileID: 1339762298276930, guid: 1d9a9900d4fb5704186c04eafd30f1f9,
      type: 2}
    properties: []
    pointAndAction:
    - listAcitonName:
      - DropItem
      - Pause
      - ChangeSpeed
      type: Dead by player
      x: 0
      actionName: DropItem
    - listAcitonName:
      - DropItem
      - Pause
      - ChangeSpeed
      type: Point = X
      x: 0
      actionName: ChangeSpeed
    newSpeed: 7
    timePauseAction: 0.2
    newPath: {fileID: 114845254437007288, guid: 63e1e2d166cef3b4f9254bfb1fd9ab92,
      type: 2}
    posStartPathNew: {x: 0, y: 0, z: 0}
    syncAnimation: 0
    enemyStartByNumber: 0
    number: 9
    enemyStartByPosition: 1
    startPosition:
    - {x: -1, y: 0}
    - {x: 0, y: 1}
    - {x: 0, y: -1}
    - {x: -1, y: 1}
    - {x: -1, y: 0}
    - {x: 0, y: 0}
  changeDurationCamera:
    changeSpeedCamera: 0
    speedBG: 2
    speedDecor: 2.6
    timeChange: 3
--- !u!114 &114863824351062354
MonoBehaviour:
  m_ObjectHideFlags: 1
  m_CorrespondingSourceObject: {fileID: 0}
  m_PrefabInternal: {fileID: 100100000}
  m_GameObject: {fileID: 1181857515605494}
  m_Enabled: 1
  m_EditorHideFlags: 0
  m_Script: {fileID: 11500000, guid: 759cc6e4e9140f445b13d21f97c413f4, type: 3}
  m_Name: 
  m_EditorClassIdentifier: 
  path: {fileID: 114138356303033708, guid: e56b055359281ab4796f445852099216, type: 2}
  timeToBegin: 2
  timeToEnd: 10
  timeToNextEnemy: 1
  totalEnemy: 1
  uid: 0
  listMiniTurn:
  - enemyPrefab: {fileID: 1339762298276930, guid: 1d9a9900d4fb5704186c04eafd30f1f9,
      type: 2}
    properties: []
    pointAndAction:
    - listAcitonName:
      - DropItem
      - Pause
      - ChangeSpeed
      type: Dead by player
      x: 0
      actionName: DropItem
    - listAcitonName:
      - DropItem
      - Pause
      - ChangeSpeed
      type: Point = X
      x: 0
      actionName: ChangeSpeed
    newSpeed: 5
    timePauseAction: 0.2
    newPath: {fileID: 114845254437007288, guid: 63e1e2d166cef3b4f9254bfb1fd9ab92,
      type: 2}
    posStartPathNew: {x: 0, y: 0, z: 0}
    syncAnimation: 0
    enemyStartByNumber: 0
    number: 7
    enemyStartByPosition: 1
    startPosition:
    - {x: -1, y: 0}
    - {x: 0, y: 1}
    - {x: 0, y: -1}
    - {x: -1, y: 1}
    - {x: -1, y: 0}
    - {x: 0, y: 0}
  changeDurationCamera:
    changeSpeedCamera: 0
    speedBG: 2
    speedDecor: 2.6
    timeChange: 3
