%YAML 1.1
%TAG !u! tag:unity3d.com,2011:
--- !u!1001 &100100000
Prefab:
  m_ObjectHideFlags: 1
  serializedVersion: 2
  m_Modification:
    m_TransformParent: {fileID: 0}
    m_Modifications: []
    m_RemovedComponents: []
  m_SourcePrefab: {fileID: 0}
  m_RootGameObject: {fileID: 1033816403674516}
  m_IsPrefabAsset: 1
--- !u!1 &1033816403674516
GameObject:
  m_ObjectHideFlags: 0
  m_CorrespondingSourceObject: {fileID: 0}
  m_PrefabInternal: {fileID: 100100000}
  serializedVersion: 6
  m_Component:
  - component: {fileID: 4938387512870568}
  - component: {fileID: 114310392033942078}
  m_Layer: 0
  m_Name: WorldTagTeam Boss 4
  m_TagString: Untagged
  m_Icon: {fileID: 0}
  m_NavMeshLayer: 0
  m_StaticEditorFlags: 0
  m_IsActive: 1
--- !u!1 &1171221172358550
GameObject:
  m_ObjectHideFlags: 0
  m_CorrespondingSourceObject: {fileID: 0}
  m_PrefabInternal: {fileID: 100100000}
  serializedVersion: 6
  m_Component:
  - component: {fileID: 4192755728438674}
  - component: {fileID: 114672009408169642}
  m_Layer: 0
  m_Name: turn boss
  m_TagString: Untagged
  m_Icon: {fileID: 0}
  m_NavMeshLayer: 0
  m_StaticEditorFlags: 0
  m_IsActive: 1
--- !u!1 &1699066711135476
GameObject:
  m_ObjectHideFlags: 0
  m_CorrespondingSourceObject: {fileID: 0}
  m_PrefabInternal: {fileID: 100100000}
  serializedVersion: 6
  m_Component:
  - component: {fileID: 4018804131899382}
  - component: {fileID: 114894383329970430}
  m_Layer: 0
  m_Name: turn (3)
  m_TagString: Untagged
  m_Icon: {fileID: 0}
  m_NavMeshLayer: 0
  m_StaticEditorFlags: 0
  m_IsActive: 0
--- !u!4 &4018804131899382
Transform:
  m_ObjectHideFlags: 1
  m_CorrespondingSourceObject: {fileID: 0}
  m_PrefabInternal: {fileID: 100100000}
  m_GameObject: {fileID: 1699066711135476}
  m_LocalRotation: {x: -0, y: -0, z: -0, w: 1}
  m_LocalPosition: {x: -5.46, y: 7.15, z: 0}
  m_LocalScale: {x: 1, y: 1, z: 1}
  m_Children: []
  m_Father: {fileID: 4938387512870568}
  m_RootOrder: 1
  m_LocalEulerAnglesHint: {x: 0, y: 0, z: 0}
--- !u!4 &4192755728438674
Transform:
  m_ObjectHideFlags: 1
  m_CorrespondingSourceObject: {fileID: 0}
  m_PrefabInternal: {fileID: 100100000}
  m_GameObject: {fileID: 1171221172358550}
  m_LocalRotation: {x: -0, y: -0, z: -0, w: 1}
  m_LocalPosition: {x: 0.03, y: 8.99, z: 0}
  m_LocalScale: {x: 1, y: 1, z: 1}
  m_Children: []
  m_Father: {fileID: 4938387512870568}
  m_RootOrder: 0
  m_LocalEulerAnglesHint: {x: 0, y: 0, z: 0}
--- !u!4 &4938387512870568
Transform:
  m_ObjectHideFlags: 1
  m_CorrespondingSourceObject: {fileID: 0}
  m_PrefabInternal: {fileID: 100100000}
  m_GameObject: {fileID: 1033816403674516}
  m_LocalRotation: {x: -0, y: -0, z: -0, w: 1}
  m_LocalPosition: {x: 0, y: 0, z: 0}
  m_LocalScale: {x: 1, y: 1, z: 1}
  m_Children:
  - {fileID: 4192755728438674}
  - {fileID: 4018804131899382}
  m_Father: {fileID: 0}
  m_RootOrder: 0
  m_LocalEulerAnglesHint: {x: 0, y: 0, z: 0}
--- !u!114 &114310392033942078
MonoBehaviour:
  m_ObjectHideFlags: 1
  m_CorrespondingSourceObject: {fileID: 0}
  m_PrefabInternal: {fileID: 100100000}
  m_GameObject: {fileID: 1033816403674516}
  m_Enabled: 1
  m_EditorHideFlags: 0
  m_Script: {fileID: 11500000, guid: fc7a5de42f2567642b9024df07f4b5dd, type: 3}
  m_Name: 
  m_EditorClassIdentifier: 
  StartTurnAsync: 0
  uid: 0
  mTM: []
--- !u!114 &114672009408169642
MonoBehaviour:
  m_ObjectHideFlags: 1
  m_CorrespondingSourceObject: {fileID: 0}
  m_PrefabInternal: {fileID: 100100000}
  m_GameObject: {fileID: 1171221172358550}
  m_Enabled: 1
  m_EditorHideFlags: 0
  m_Script: {fileID: 11500000, guid: 759cc6e4e9140f445b13d21f97c413f4, type: 3}
  m_Name: 
  m_EditorClassIdentifier: 
  path: {fileID: 114801497653954540, guid: 42c1a3b391340a7458f59bab819716c2, type: 2}
  timeToBegin: 0
  timeToEnd: -1
  timeToNextEnemy: 1
  totalEnemy: 0
  uid: 0
  listMiniTurn:
  - enemyPrefab: {fileID: 1769815015796814, guid: 6bfa7ce6af896794a894738e81fe1758,
      type: 2}
    properties: []
    pointAndAction:
    - listAcitonName:
      - SetNextPath
      - ShootLaserForm1
      - ShootLaserForm2
      - ShootMainWeaponForm1
      - ShootMainWeaponForm2
      - BossTransform
      - WarningBoss
      - DropItem
      - ShootTarget
      type: Point = X
      x: 0
      actionName: BossTransform
    - listAcitonName:
      - SetNextPath
      - ShootLaserForm1
      - ShootLaserForm2
      - ShootMainWeaponForm1
      - ShootMainWeaponForm2
      - BossTransform
      - WarningBoss
      - DropItem
      - ShootTarget
      type: Point = X
      x: 6
      actionName: SetNextPath
    - listAcitonName:
      - SetNextPath
      - ShootLaserForm1
      - ShootLaserForm2
      - ShootMainWeaponForm1
      - ShootMainWeaponForm2
      - BossTransform
      - WarningBoss
      - DropItem
      - ShootTarget
      type: Point = X
      x: 0
      actionName: ShootLaserForm1
    - listAcitonName:
      - SetNextPath
      - ShootLaserForm1
      - ShootLaserForm2
      - ShootMainWeaponForm1
      - ShootMainWeaponForm2
      - BossTransform
      - WarningBoss
      - DropItem
      - ShootTarget
      type: Point = X
      x: 4
      actionName: ShootLaserForm1
    - listAcitonName:
      - SetNextPath
      - ShootLaserForm1
      - ShootLaserForm2
      - ShootMainWeaponForm1
      - ShootMainWeaponForm2
      - BossTransform
      - WarningBoss
      - DropItem
      - ShootTarget
      type: Point = X
      x: 6
      actionName: ShootMainWeaponForm1
    - listAcitonName:
      - SetNextPath
      - ShootLaserForm1
      - ShootLaserForm2
      - ShootMainWeaponForm1
      - ShootMainWeaponForm2
      - BossTransform
      - WarningBoss
      - DropItem
      - ShootTarget
      type: Point = X
      x: 4
      actionName: ShootMainWeaponForm1
    - listAcitonName:
      - SetNextPath
      - ShootLaserForm1
      - ShootLaserForm2
      - ShootMainWeaponForm1
      - ShootMainWeaponForm2
      - BossTransform
      - WarningBoss
      - DropItem
      - ShootTarget
      type: Point = X
      x: 0
      actionName: ShootLaserForm2
    - listAcitonName:
      - SetNextPath
      - ShootLaserForm1
      - ShootLaserForm2
      - ShootMainWeaponForm1
      - ShootMainWeaponForm2
      - BossTransform
      - WarningBoss
      - DropItem
      - ShootTarget
      type: Point = X
      x: 4
      actionName: ShootLaserForm2
    - listAcitonName:
      - SetNextPath
      - ShootLaserForm1
      - ShootLaserForm2
      - ShootMainWeaponForm1
      - ShootMainWeaponForm2
      - BossTransform
      - WarningBoss
      - DropItem
      - ShootTarget
      type: Point = X
      x: 2
      actionName: ShootMainWeaponForm2
    - listAcitonName:
      - SetNextPath
      - ShootLaserForm1
      - ShootLaserForm2
      - ShootMainWeaponForm1
      - ShootMainWeaponForm2
      - BossTransform
      - WarningBoss
      - DropItem
      - ShootTarget
      type: Point = X
      x: 6
      actionName: ShootMainWeaponForm2
    - listAcitonName:
      - SetNextPath
      - ShootLaserForm1
      - ShootLaserForm2
      - ShootMainWeaponForm1
      - ShootMainWeaponForm2
      - BossTransform
      - WarningBoss
      - DropItem
      - ShootTarget
      type: Started
      x: 0
      actionName: WarningBoss
    - listAcitonName:
      - SetNextPath
      - ShootLaserForm1
      - ShootLaserForm2
      - ShootMainWeaponForm1
      - ShootMainWeaponForm2
      - BossTransform
      - WarningBoss
      - DropItem
      - ShootTarget
      type: After X Millisecond
      x: 8000
      actionName: ShootTarget
    newSpeed: 2
    timePauseAction: 3
    newPath: {fileID: 0}
    posStartPathNew: {x: 0, y: 0, z: 0}
    syncAnimation: 0
    enemyStartByNumber: 1
    number: 1
    enemyStartByPosition: 0
    startPosition: []
  changeDurationCamera:
    changeSpeedCamera: 0
    speedBG: 2
    speedDecor: 2.6
    timeChange: 3
--- !u!114 &114894383329970430
MonoBehaviour:
  m_ObjectHideFlags: 1
  m_CorrespondingSourceObject: {fileID: 0}
  m_PrefabInternal: {fileID: 100100000}
  m_GameObject: {fileID: 1699066711135476}
  m_Enabled: 1
  m_EditorHideFlags: 0
  m_Script: {fileID: 11500000, guid: 5880086f584b4c445b6e8d0d3f58886d, type: 3}
  m_Name: 
  m_EditorClassIdentifier: 
  path: {fileID: 114607282650487730, guid: 8c1767bda8e885749b715650dc77523e, type: 2}
  timeToBegin: 0
  timeToEnd: -1
  timeToNextEnemy: 1
  totalEnemy: 0
  uid: 0
  listMiniTurn:
  - enemyPrefab: {fileID: 1387911131885576, guid: d4490ad9f9219e04087cc657a73abf42,
      type: 2}
    properties: []
    pointAndAction:
    - listAcitonName:
      - PauseAndShootLoop
      - DropItem
      type: Dead by player
      x: 2
      actionName: DropItem
    - listAcitonName:
      - PauseAndShootLoop
      - DropItem
      type: After X Millisecond
      x: 3111
      actionName: PauseAndShootLoop
    number: 1
